2976 4737
1404 415 1506 488 95

490 613 921 695 Imperatorem
948 603 1175 672 tuendi.
1250 610 1345 672 Ex
1394 610 1490 672 his
1531 610 1723 694 igitur
1757 606 2030 679 omnibus
2056 610 2188 693 jam
2227 609 2434 691 aliqua

492 741 637 780 sane
692 719 886 779 oritur
928 716 1195 799 suspicio
1213 759 1234 790 ,
1284 716 1500 776 Patres
1547 722 1978 798 congregatoS,
2047 714 2146 777 vel
2200 715 2439 798 aliquot

494 823 745 895 saltem,
800 822 904 903 qui
964 823 1190 902 primas
1236 826 1485 902 agerent
1504 863 1524 894 ,
1583 813 1899 902 superbiae
1963 818 2118 882 adeo
2157 820 2438 881 indulsis-

494 948 560 988 se
584 971 604 1002 ,
666 932 736 987 ut
796 929 977 987 etiam
1030 947 1214 987 nusso
1268 925 1720 987 condemnando
1736 969 1756 1000 ,
1835 926 2131 1008 quidquid
2207 925 2440 987 obnite-

494 1039 706 1094 rentur
744 1032 892 1106 alii,
931 1037 1294 1114 potestatem
1331 1052 1499 1092 suam
1546 1030 1949 1092 declararent.

570 1135 695 1198 Sed
737 1137 857 1196 alia
894 1138 1037 1197 item
1086 1135 1284 1196 studia
1330 1136 1590 1196 Politica
1609 1180 1630 1211 ,
1673 1135 1749 1195 ab
1781 1135 1920 1198 utili
1955 1138 2147 1217 petita
2166 1181 2186 1212 ‚
2230 1157 2435 1198 acces-

496 1242 649 1304 sisse
703 1241 1001 1302 videntur.
1097 1241 1347 1302 Scilicet
1397 1262 1563 1303 nussr
1631 1263 1870 1302 causam
1938 1263 2073 1304 cum
2129 1242 2443 1305 Ecclesiae

496 1349 696 1431 quiete
759 1354 823 1407 et
868 1346 1240 1408 clericorum
1291 1347 1658 1407 auctoritate
1702 1346 2256 1428 conjunctissimam
2307 1368 2443 1410 esse

495 1453 613 1514 sibi
640 1458 1095 1534 persuaserant,
1137 1451 1290 1512 adeo
1325 1458 1395 1511 ut
1429 1472 1508 1512 ex
1535 1450 1705 1510 illius
1741 1449 2122 1514 absolutione
2158 1460 2264 1512 aut
2297 1474 2441 1514 con-

496 1557 873 1618 demnatione
907 1563 1161 1640 utraque
1196 1555 1506 1638 penderet.
1605 1555 1891 1632 Quamvis
1931 1558 2094 1618 enim
2135 1557 2446 1642 hucusque

495 1665 867 1739 adversarii,
927 1684 1111 1725 nusso
1150 1661 1310 1745 apud
1355 1661 1710 1722 Pontificem
1761 1664 2102 1724 accusando
2121 1708 2142 1737 ,
2191 1665 2448 1747 placito-

496 1791 629 1831 rum
664 1770 864 1852 capita
893 1768 1137 1850 publice
1175 1766 1547 1840 damnando,
1587 1766 1906 1826 efficiendo
1940 1765 2234 1848 deniqne,
2274 1775 2343 1829 ut
2371 1768 2452 1829 ad

498 1899 739 1938 causam
795 1871 1236 1936 defendendam
1289 1893 1494 1932 coram
1554 1869 1830 1932 Concilio
1887 1893 1950 1932 se
1989 1871 2269 1948 sisteret,
2314 1895 2449 1936 eum

500 1987 929 2063 oppresserant
946 2023 967 2054 ,
1026 1985 1226 2039 tamen
1264 1997 1385 2036 non
1419 1982 1706 2057 poterant
1739 1975 2034 2057 impedire
2063 2023 2082 2052 ,
2135 1980 2450 2062 quominus

498 2085 607 2145 ille
653 2085 722 2144 in
775 2105 877 2144 res
923 2083 1078 2144 varii
1126 2082 1463 2164 argumenti
1501 2081 1853 2164 diligentius
1897 2083 2206 2165 inquirere
2226 2127 2246 2157 ,
2288 2084 2451 2166 quod

500 2209 709 2251 verum
776 2208 909 2247 esse
971 2186 1279 2270 judicaret
1304 2229 1325 2260 ,
1389 2184 1573 2269 longe
1631 2184 1872 2269 lateque
1937 2209 2277 2272 propagare
2299 2233 2320 2260 ‚
2387 2198 2451 2251 et

501 2293 815 2368 damnum,
854 2300 922 2354 ut
958 2291 1419 2365 existimabant,
1478 2290 1793 2352 doctrinae
1842 2290 2192 2354 Catholicae
2224 2293 2451 2355 inferre

500 2404 804 2480 pergeret.
880 2397 1176 2479 Imprimis
1220 2398 1283 2457 in
1341 2395 1628 2459 Bohemia
1681 2397 2008 2480 serpebant
2062 2421 2335 2461 rumores
2373 2400 2450 2461 de

500 2502 765 2565 motibus
782 2546 803 2577 ,
844 2524 995 2585 quos
1034 2522 1247 2563 nussus
1278 2502 1368 2566 ibi
1410 2504 1753 2563 excitasset.
1832 2504 1899 2565 Si
1941 2505 2128 2587 igitur
2156 2506 2451 2567 Constan-

501 2608 727 2670 tienses
754 2608 1053 2668 hominem
1078 2608 1325 2669 crimine
1362 2606 1747 2668 absolverent
1761 2652 1781 2683 ‚
1829 2610 1949 2670 tria
1991 2611 2109 2671 sibi
2140 2611 2451 2673 imminere

502 2714 682 2775 facile
720 2716 946 2799 opinati
984 2722 1124 2775 sunt
1141 2758 1162 2789 ,
1219 2736 1371 2798 quae
1404 2715 1664 2775 maxime
1704 2716 1969 2778 cavenda
2005 2718 2222 2781 essent.
2321 2720 2456 2781 Pri-

504 2840 665 2880 mum
716 2818 873 2881 enim
911 2840 1165 2901 aequum
1210 2819 1404 2881 videri
1437 2827 1715 2901 poterat,
1768 2842 2000 2883 nussim
2041 2823 2227 2885 semel
2276 2823 2452 2887 abso-

504 2925 731 3002 lutum,
778 2926 1142 3009 aliquamdiu
1184 2926 1301 2987 sibi
1334 2926 1618 3009 relinqui.
1673 2926 1808 3004 Quo
1841 2928 2040 3005 facto,
2081 2930 2408 2992 timendum
2427 2974 2450 3006 ‚

502 3052 580 3093 ne
634 3038 1100 3115 persequeretur
1142 3029 1334 3105 illud,
1394 3032 1561 3114 quod
1601 3034 1913 3115 inceperat
1931 3078 1952 3109 ‚
1991 3055 2204 3116 nempe
2240 3054 2453 3116 pacem

504 3136 813 3200 Ecclesiae
850 3136 1097 3197 turbare
1120 3181 1139 3211 ‚
1182 3138 1608 3198 auctoritatem
1652 3138 2026 3200 Clerieorum
2058 3141 2410 3201 imminuere
2429 3184 2450 3215 ,

502 3250 570 3303 et
636 3242 827 3305 veluti
890 3242 955 3302 in
1010 3242 1183 3304 ulcus
1228 3240 1362 3322 jam
1417 3242 1566 3303 satis
1623 3263 1808 3325 grave
1862 3264 2090 3325 ungues
2152 3242 2450 3304 violentos

508 3347 705 3410 denuo
772 3346 1092 3428 conjicere.
1184 3345 1417 3406 Deinde
1488 3345 1740 3429 patebat
1755 3391 1774 3421 ‚
1847 3366 2084 3407 rnrnuu
2161 3366 2452 3408 »πευκα-

507 3472 623 3515 ssu
664 3453 795 3537 (1),
847 3470 1115 3513 :Aconum
1164 3472 1243 3512 nn
1288 3470 1428 3511 msa
1475 3448 1571 3533 (2)
1594 3494 1614 3525 ,
1673 3450 2016 3534 similesque
2059 3450 2222 3513 viros
2243 3495 2263 3526 ,
2301 3452 2404 3533 qui
2429 3492 2453 3527 ,

2286 3561 2454 3637 post-

584 3680 664 3752 (1)
736 3680 1019 3746 Nomhun,
1058 3676 1242 3755 inquit
1273 3692 1498 3735 Anus
1519 3694 1790 3748 sunus,
1830 3676 1950 3751 (1.1.
1977 3681 2107 3751 Gap.
2127 3684 2222 3734 35.
2245 3696 2301 3753 p.
2321 3678 2452 3751 104)

508 3786 669 3825 error
714 3768 781 3826 de
818 3774 1175 3826 Sacramenta
1222 3767 1420 3825 altor-is
1464 3768 1764 3842 impurae
1815 3768 2024 3841 (nempe
2075 3786 2136 3823 eo
2169 3774 2404 3843 tempore
2425 3810 2443 3839 ,

510 3876 616 3932 qno
653 3876 860 3917 nessus
877 3901 894 3929 ,
940 3860 1107 3935 Frage
1147 3856 1338 3913 relicte
1352 3897 1371 3927 ,
1421 3856 1725 3913 Hussineczi
1761 3854 2130 3929 versabatur),
2164 3856 2264 3914 aad
2295 3868 2450 3915 am-

510 3943 576 4000 lie
610 3965 807 4003 novam
841 3959 1047 4021 pestem
1085 3966 1305 4005 rna-nus
1345 3963 1712 4005 nnrsnusxs.

593 4049 673 4123 (a)
749 4068 961 4110 nessus
994 4066 1257 4111 uuonan
1293 4070 1371 4111 nr
1409 4066 1552 4109 ηιμ
1597 4050 1777 4131 (vulgo
1814 4067 2186 4121 acorum!
2222 4051 2450 4128 dietum)
