2976 4737
1406 431 1507 508 89

494 619 726 686 Archi·
743 619 1047 706 Episcopo
1098 621 1435 706 Prngcnsi,
1487 624 1850 705 procurator
1877 618 2018 705 (1),
2071 618 2140 682 in
2183 619 2432 702 Repeti-

490 731 661 788 tione
703 728 826 788 sud
858 748 979 807 pro
1025 729 1385 810 defensione
1426 745 1658 789 causae
1699 743 1940 786 :oannis
1995 743 2139 784 nnss
2187 723 2431 808 (2).—

490 831 605 892 1110
660 803 849 916 igitur
900 833 967 892 in
1014 831 1129 893 hac
1182 829 1566 914 Repetitione
1621 830 1822 892 varios
1870 829 2046 892 affert
2091 850 2306 904 casus,
2364 829 2432 890 in

490 935 710 1017 quibus
761 936 1293 998 excommunicatio
1335 933 1762 996 Ecclesiastica
1809 936 1944 1019 ipsa
1965 935 2126 1018 juris
2163 935 2228 997 vi
2257 933 2429 996 nulla

488 1039 765 1102 habenda
798 1043 897 1104 sit.
923 1042 1091 1120 Quae
1123 1043 1317 1104 omnia
1350 1041 1431 1102 ad
1460 1060 1627 1102 nussr
1660 1051 1902 1102 causam
1919 1046 2170 1124 tangere
2187 1039 2428 1116 ,illum-

488 1165 609 1227 que
640 1145 793 1207 odeo
832 1145 960 1205 sine
987 1145 1128 1227 jure
1160 1167 1239 1207 ex
1270 1145 1544 1229 Ecclesia
1580 1145 1838 1228 ejectum
1877 1147 2068 1208 fnisse
2085 1189 2105 1220 ,
2149 1145 2426 1228 speciose

486 1250 797 1312 contendit
822 1272 1083 1313 neuram
1112 1252 1180 1312 in
1204 1252 1407 1327 brevi,
1450 1273 1630 1334 quem
1661 1250 1866 1328 dedit,
1909 1251 2257 1335 scriptionis
2293 1271 2425 1313 sns-

485 1373 709 1416 snmrzx
744 1363 1070 1439 conspectu
1107 1354 1222 1436 (3).
1323 1355 1437 1417 Cui
1478 1362 1678 1418 tamen
1733 1358 1786 1419 si
1825 1358 1961 1439 quis
1997 1358 2180 1440 plane
2219 1377 2426 1420 assen-

482 1461 601 1522 tire
638 1468 896 1545 nequeat
910 1506 931 1537 ,
986 1469 1149 1524 certe
1189 1461 1319 1546 egit
1358 1483 1572 1524 Russus
1589 1506 1612 1538 ,
1662 1463 1827 1546 quod
1862 1485 2125 1540 onnson,
2164 1470 2233 1525 nt
2268 1462 2424 1525 vidi-

482 1587 614 1627 mus
633 1611 653 1640 ,
706 1567 769 1627 in
822 1566 935 1627 tali
990 1588 1190 1628 rerum
1247 1573 1408 1628 statu
1428 1611 1449 1642 ‚
1505 1567 1570 1628 in
1627 1568 1795 1651 quali
1862 1569 1972 1630 ille
2022 1569 2416 1645 versabatur,

482 1671 780 1756 agendum
837 1695 969 1736 esse
1020 1675 1267 1734 monuit.
1347 1672 1625 1746 Scilicet,
1669 1694 1807 1734 cum
1831 1693 2012 1734 nusso
2042 1673 2380 1756 periculum
2395 1715 2416 1746 ,

480 1798 559 1838 ne
594 1799 672 1840 ex
705 1777 978 1840 Ecclesia
1036 1778 1463 1839 exturbaretur
1483 1821 1504 1852 ,
1543 1778 1738 1859 magis
1796 1780 2106 1861 magisque
2148 1779 2418 1840 immine-

478 1888 609 1957 ret,
664 1883 719 1942 is
758 1901 999 1943 omnem
1030 1885 1197 1942 viam
1236 1881 1647 1960 favorabilem
1677 1887 1746 1942 ct
1772 1882 2070 1944 humilem
2086 1926 2112 1959 ,
2153 1888 2222 1943 ut
2251 1884 2420 1965 peri-

479 1988 683 2048 culum
726 1986 882 2046 illud
923 2007 961 2045 a
1013 2006 1078 2046 sc
1120 1991 1425 2047 averteret
1442 2031 1463 2062 ‚
1523 1986 1834 2068 ingressus
1889 1992 1984 2047 est
2001 2029 2022 2062 ,
2080 1985 2158 2046 ab
2197 1986 2418 2050 Archi-

477 2087 781 2170 Episcopo
816 2087 894 2148 nd
921 2088 1306 2166 Pontificem,
1342 2115 1378 2153 a
1397 2093 1693 2153 Pontifice
1724 2111 2046 2174 perperam
2082 2089 2300 2152 edocto
2333 2091 2418 2154 ad

476 2191 827 2253 Pontificem
858 2193 1073 2255 melius
1107 2195 1548 2257 informandum
1582 2217 1936 2278 provocans.
2013 2195 2269 2258 Humili
2308 2218 2414 2256 au-

478 2303 601 2356 tem
639 2295 749 2357 illa
780 2298 1111 2389 sedulitate
1140 2299 1308 2360 m'lail
1332 2303 1706 2382 proficiens,
1747 2307 1811 2360 et
1845 2298 2220 2360 anathemate
2254 2298 2413 2359 Pon-

478 2402 668 2463 tificio
726 2423 939 2486 reapse
991 2390 1355 2486 percussus,
1409 2412 1645 2488 arripit
1680 2408 1928 2469 virilem
1966 2412 2035 2468 ct
2066 2410 2414 2468 animosam

480 2508 862 2587 libertatem,
914 2510 1212 2571 immerito
1267 2531 1333 2571 se
1382 2532 1459 2571 ex
1501 2510 1774 2573 Ecclesia
1812 2512 2070 2594 ejectum
2115 2532 2246 2574 esse
2287 2520 2413 2575 tam

474 2611 719 2694 publice
753 2636 928 2696 quam
950 2615 1231 2698 privatim
1261 2615 1525 2698 probans
1539 2660 1560 2691 ,
1601 2623 1663 2678 et
1698 2616 1972 2691 tandem,
2004 2617 2202 2700 Eraga
2230 2618 2411 2679 relic-

474 2721 539 2779 ta
556 2763 577 2794 ,
632 2720 697 2778 in
748 2722 977 2803 campis
1027 2721 1283 2803 aliisque
1338 2720 1494 2784 locis
1545 2722 1864 2784 conciones
1908 2721 2136 2783 habens
2155 2766 2176 2799 ,
2216 2723 2412 2785 donee
2463 2794 2476 2801 -

476 2830 836 2886 evocaretur
854 2869 875 2899 ‚
914 2831 985 2886 ut
1021 2826 1087 2886 in
1125 2826 1399 2889 Concilio
1440 2826 1683 2889 adesset
1717 2828 1831 2908 (4).

544 2930 720 2991 Talia
759 2930 949 3014 igitur
988 2931 1041 2990 si
1070 2930 1381 2993 nobiscum
1414 2938 1764 3014 reputamus
1783 2975 1804 3006 ,
1844 2932 2096 2996 alteram
2126 2954 2366 3017 quoque
2384 2976 2406 3009 ,

470 3056 650 3117 quam
706 3035 920 3097 Patres
981 3036 1471 3097 Constantienses
1513 3036 1846 3098 attulerunt
1859 3080 1879 3111 ,
1951 3049 2194 3099 causam
2217 3082 2238 3113 ,
2297 3058 2410 3099 cur

468 3159 701 3202 nussum
737 3143 1107 3223 pertinacem
1153 3149 1217 3203 et
1254 3139 1754 3202 inemendabilem
1794 3142 2164 3206 haereticum
2199 3141 2406 3204 decla-

466 3250 680 3305 rarent
693 3288 714 3319 ,
753 3265 876 3306 non
919 3246 1067 3307 satis
1117 3245 1435 3328 probatam
1482 3244 2018 3329 deprehendemus.
2093 3246 2225 3310 Nec
2265 3266 2406 3328 pro-

2279 3348 2404 3411 fec-

545 3474 627 3555 (1)
703 3476 823 3535 Vid.
864 3494 1021 3553 snpra
1053 3496 1113 3549 p.
1132 3483 1205 3532 84
1223 3495 1339 3551 sqq.
1380 3494 1588 3535 nussus
1627 3475 1737 3552 ipse
1775 3496 1851 3535 nr
1869 3495 2166 3536 ussmu
2203 3496 2412 3533 memo·

465 3574 553 3620 rat
576 3567 637 3620 in
658 3566 945 3643 scriptione
964 3566 1029 3623 de
1046 3566 1311 3623 Ecclesia·
1351 3566 1475 3625 Vid.
1497 3569 1635 3621 Hist.
1661 3578 1718 3623 et
1740 3570 1976 3623 monum.
2020 3572 2078 3625 Τ.
2098 3571 2146 3624 Ι.
2159 3588 2222 3641 p.
2240 3566 2403 3623 248¹».

539 3679 620 3751 (2)
695 3678 986 3755 Composita
1006 3719 1021 3748 ,
1076 3677 1367 3733 secundum
1415 3677 1816 3752 inscriptionem
1829 3719 1846 3747 ,
1887 3676 1986 3733 illa
2021 3678 2286 3755 Repetitio
2325 3688 2406 3734 est

462 3783 643 3821 mense
702 3766 979 3823 Decembri
1038 3766 1170 3822 anni
1228 3775 1393 3823 1412.
1492 3766 1775 3842 Reperitur
1822 3766 1884 3823 in
1935 3784 2105 3825 nussl
2131 3769 2295 3825 -Hisa
2348 3780 2407 3825 et

465 3857 705 3911 nonum.
748 3861 805 3912 T.
845 3860 894 3913 Ι.
931 3875 993 3928 p.
1020 3856 1162 3910 3241»
1198 3876 1315 3931 sqq.
2121 3878 2126 3882 ·

541 3953 620 4023 (3)
693 3952 830 4007 nise.
869 3950 949 4007 du
988 3955 1149 4008 onne.
1191 3952 1258 4011 de
1296 3954 1425 4013 Piso
1466 3955 1524 4009 T.
1560 3954 1640 4009 ΙΙ.
1669 3972 1734 4026 p.
1781 3960 1887 4012 12⁹
1924 3972 2043 4032 sqq.

542 4055 623 4129 (4)
698 4076 753 4113 v.
791 4071 835 4111 s.
860 4074 929 4130 p.
971 4062 1043 4114 32
1078 4074 1167 4130 sq.
2010 4130 2096 4197 ¹²
