2976 4737
1433 417 1530 494 73

490 624 561 678 ac
594 602 1085 680 disseminarent,
1145 605 1247 668 vel
1293 606 1459 668 alere
1493 626 1564 669 ae
1603 625 1891 691 spargere
1925 607 2454 684 existimarentur„

486 709 794 772 «Iudicium
848 716 1049 772 antem
1100 710 1177 771 de
1210 711 1504 793 ejusmodi
1537 711 1844 774 erroribus
1859 756 1882 788 ,
1921 714 2046 776 sive
2099 714 2258 775 veris
2291 714 2421 778 sive

486 815 750 896 opinatis
765 857 786 890 ,
834 815 949 876 sibi
982 814 1357 892 vindicabat,
1393 817 1495 880 vel
1519 821 1722 900 potius
1751 817 2078 904 arrogabat
2108 818 2424 895 Ecclesia,
2445 889 2452 898 ,

486 940 641 1000 qnae
676 919 805 1001 jam
834 944 872 981 a
905 920 1108 982 medio
1158 920 1413 983 Saeculo
1445 923 1501 982 11
1555 923 1944 986 Catholieam
1991 924 2032 984 i.
2053 945 2107 985 e.
2121 967 2144 1000 ,
2188 925 2450 1008 ubique⁸

484 1023 760 1084 locorum
827 1027 1264 1103 repet-ivandam
1275 1070 1306 1104 ,
1358 1027 1628 1110 adeoque
1677 1048 1888 1104 ceram
1900 1073 1936 1107 ,
1985 1049 2050 1090 se
2104 1031 2415 1113 appellare

483 1129 805 1211 inceperat.
897 1129 1066 1192 Haec
1107 1132 1297 1214 igitur
1340 1135 1661 1216 genuinam
1701 1155 1767 1196 se
1815 1132 2043 1196 Christi
2085 1133 2413 1218 Apostolo-

482 1252 735 1314 rumque
777 1221 1111 1295 doctrinam
1147 1237 1322 1298 unice
1362 1244 1570 1300 tenere
1607 1239 1892 1301 continuo
1932 1239 2214 1300 fidentius
2251 1261 2412 1302 asse-

480 1337 746 1399 verabat.
822 1337 1017 1414 Haec,
1057 1341 1222 1423 quod
1254 1344 1645 1426 praecipuum
1679 1344 1848 1406 illius
1888 1343 2198 1406 doctrinae
2236 1367 2413 1432 argu-

478 1450 739 1504 mentum
780 1451 938 1505 esset
956 1489 977 1520 ,
1028 1448 1223 1526 fidei,
1278 1469 1432 1530 quae
1471 1447 1860 1524 dicebantur,
1915 1447 2236 1528 symbolis
2254 1492 2275 1524 ,
2331 1449 2410 1510 ab

479 1549 789 1626 omnibus,
842 1553 948 1632 qui
992 1550 1323 1614 Catholicis
1363 1560 1927 1629 annumerarentur,
1965 1564 2248 1638 tanquam
2281 1577 2442 1622 cre-.

479 1652 812 1714 dendorum
850 1676 1118 1716 normam
1162 1657 1513 1740 sequendis,
1549 1659 1741 1740 magis
1775 1659 2084 1740 magisque
2115 1659 2414 1742 complec-

478 1757 736 1820 tebatur.
831 1759 1197 1822 Praesertim
1266 1760 1367 1826 <his
1423 1759 1729 1844 Symbolis
1772 1761 2244 1842 multiplicandis
2293 1784 2416 1824 am-

474 1862 935 1946 plificandisque
981 1886 1019 1923 a
1062 1863 1316 1924 Saeculo
1356 1861 1443 1923 lv
1478 1883 1726 1946 operam
1764 1862 2061 1924 dederunt
2110 1863 2378 1926 Concilia
2393 1908 2416 1941 ,

483 1967 893 2030 Oecumenica
941 1973 1184 2041 vocata,
1243 1989 1498 2050 quorum
1545 1967 1790 2030 decreta
1843 1972 1906 2028 et
1952 1975 2209 2044 statuta,
2269 1968 2420 2052 quid

477 2071 844 2133 credendum
902 2071 1062 2132 foret
1079 2117 1101 2147 ,
1156 2073 1439 2160 continuo
1493 2073 1688 2134 aerius
1738 2077 1802 2134 et
1847 2072 2126 2134 subtilius
2171 2071 2416 2134 definie-

475 2177 625 2239 bant
695 2179 1284 2261 praecipiebantque.
1360 2179 1632 2262 Denique
1692 2179 1964 2262 Concilia
2013 2179 2418 2242 Oecumeniea

476 2282 965 2358 Lateranensia,
1021 2284 1099 2344 ab
1148 2304 1306 2344 auno
1344 2282 1503 2346 1123
1537 2283 1751 2366 haberi
1787 2291 2035 2370 coepta,
2074 2283 2174 2345 vel
2208 2285 2414 2366 potius

476 2389 731 2451 Romani
770 2391 1127 2465 Pontifices,
1184 2410 1437 2473 quorum
1490 2397 1638 2453 nutu
1685 2391 1750 2453 in
1791 2392 1868 2453 iis
1887 2435 1909 2466 ,
1959 2399 2030 2453 ut
2062 2392 2128 2455 in
2157 2393 2413 2476 reliquis

478 2495 754 2559 omnibus
823 2497 1005 2558 rebus
1078 2497 1522 2559 Ecclesiasticis
1544 2542 1566 2573 ‚
1649 2504 1866 2559 cuncta
1921 2499 2369 2582 peragebantur
2386 2545 2410 2575 ,

478 2603 814 2665 doctrinam
833 2648 855 2679 ‚
913 2603 1322 2680 catholicam,
1384 2626 1492 2668 seu
1514 2653 1520 2660 .
1542 2625 1745 2667 veram
1780 2612 1844 2667 et
1891 2608 2144 2686 ὅρθὸδοξοι
2204 2608 2412 2691 appel-

478 2708 751 2783 landam,
812 2730 923 2771 sua
971 2709 1050 2769 ad
1097 2709 1273 2770 libita
1322 2709 1728 2791 informabant
1745 2754 1767 2785 ,
1823 2712 2113 2794 novisque
2164 2714 2434 2794 placitis.

476 2812 806 2875 identidem
852 2814 1170 2897 augebant.
1264 2814 1579 2898 Quotquot
1622 2820 1822 2877 autem
1864 2815 1941 2875 ab
1983 2816 2094 2877 illa
2134 2817 2435 2893 doctrina,

476 2920 577 2982 vel
623 2919 990 2981 recedebant
1032 2917 1135 2981 vel
1174 2918 1461 2980 recedere
1515 2918 1874 2980 videbantur
1891 2963 1912 2995 ,
1961 2921 2434 3005 haereticorum..

475 3026 713 3087 nomine
772 3024 1051 3109 insigniri
1108 3022 1415 3085 solebantz
1466 3024 1532 3085 in
1569 3046 1722 3108 quos
1762 3031 1831 3085 ut
1858 3025 1988 3109 jam
2027 3031 2262 3111 mature
2306 3047 2432 3102 va-¹

476 3134 587 3195 riis
632 3133 845 3216 poenis
862 3175 883 3206 ,
936 3132 1083 3214 quin
1102 3175 1123 3207 ,
1164 3131 1421 3193 Saeculo
1457 3130 1546 3191 lv
1593 3131 1858 3193 nondum
1907 3140 2122 3197 exacto
2140 3179 2162 3211 ,
2198 3134 2432 3215 ultimo,

479 3237 661 3298 etiam
726 3237 1027 3319 supplicio
1078 3235 1557 3298 animadversum
1612 3234 1731 3296 fuit
1777 3235 1912 3318 (1);
1971 3238 2058 3298 ita
2078 3282 2099 3313 ,
2155 3242 2426 3319 maximo·

476 3348 621 3425 post
655 3340 968 3422 inductum
1000 3346 1064 3401 et
1096 3342 1316 3401 sensim
1346 3340 1540 3422 magis
1572 3338 1957 3403 informatum
1981 3342 2236 3423 Saeculo
2263 3345 2420 3409 XHI

386 3512 391 3519 ,
478 3447 754 3509 terribile
808 3446 1246 3527 Inquisitiom‘e
1288 3441 1554 3505 tribunal
1573 3486 1594 3518 ,
1647 3443 1743 3505 illi
1763 3488 1786 3521 ,
1843 3447 1948 3529 qui
1987 3446 2066 3507 ab
2100 3447 2375 3511 Ecclesia
2391 3492 2416 3525 ,

478 3554 581 3615 vel
630 3551 709 3612 ab
754 3551 831 3612 iis
851 3594 874 3626 ,
928 3549 1033 3633 qui
1077 3546 1387 3610 Ecclesiae
1438 3548 1606 3610 vices
1654 3549 2019 3612 sustinerent
2040 3594 2063 3627 ,
2122 3551 2416 3616 baeretici

2311 3656 2417 3719 de-

555 3782 636 3853 (1)
710 3777 966 3857 significo
1004 3790 1459 3836 naumurum.
1474 3817 1494 3847 ,
1543 3780 1726 3836 revera
1760 3787 1973 3858 propter
2009 3796 2130 3835 suas
2165 3778 2230 3835 de
2263 3778 2418 3837 Reli-

482 3867 637 3944 gione
686 3868 958 3943 opiniones
1007 3871 1279 3944 Augustae
1313 3866 1649 3923 Trevirorum
1687 3888 1740 3925 a.
1784 3875 1916 3925 875.
1968 3869 2143 3945 capite
2180 3868 2415 3945 plexum.

484 3954 568 4013 cf.
598 3956 683 4016 ,de
730 3976 791 4015 eo
839 3975 891 4015 c.
928 3978 983 4015 r.
1022 3976 1095 4015 w.
1131 3973 1339 4033 waren
1354 3997 1373 4026 ,
1434 3956 1775 4037 Volafflndip
1808 3959 2043 4017 Historia
2082 3958 2184 4017 der
2217 3963 2418 4022 Kom-

484 4045 657 4105 ret‘on·
694 4065 755 4103 u.
777 4066 913 4103 aar.
960 4049 1017 4103 Τ.
1034 4049 1143 4104 111.
1173 4066 1237 4121 p.
1272 4050 1382 4103 878
1416 4065 1534 4123 sqq.

1960 4184 2042 4247 10
