2976 4737
1504 417 1602 494 40

571 620 798 680 sionem
817 659 838 692 ,
897 614 1206 698 posterior
1251 613 1453 675 varias
1508 609 1945 676 admonitiones
1996 619 2175 698 atque
2222 613 2498 678 adhorta-

567 723 762 784 tiones
819 717 1335 802 complectebatur
1373 717 1486 799 (1).

643 826 768 888 Sed
809 826 986 888 bonis
1040 824 1136 885 bis
1195 822 1495 886 ominibus
1542 823 1806 887 infausta
1856 832 2290 888 successerunt.
2346 827 2502 890 Nm

565 954 790 1016 paucos
843 938 1076 994 tantum
1121 931 1253 991 dies
1301 949 1515 990 nussus
1564 930 1952 992 Constantine
2004 930 2265 1014 degebat
2290 975 2311 1006 ‚
2366 953 2500 992 cmn

567 1041 844 1102 acerrimi
878 1038 1009 1120 ejus
1043 1037 1404 1110 adversarii,
1456 1055 1787 1098 emmaus
1830 1055 2055 1098 ranna-z
2072 1081 2093 1111 ,
2130 1036 2499 1121 Theologiae

563 1147 796 1210 Doctor
833 1147 899 1206 in
933 1144 1156 1206 Schola
1186 1142 1478 1224 Pragensi
1504 1186 1525 1216 ,
1578 1148 1641 1202 et
1691 1161 1949 1204 mensu
1990 1162 2067 1202 nn
2116 1164 2313 1204 cussis
2329 1188 2350 1219 ,
2397 1165 2500 1202 an-

565 1257 667 1312 tea
715 1249 988 1310 Clericus
1035 1247 1336 1311 Bobemus
1375 1247 1466 1331 (2)
1486 1292 1508 1322 ,
1561 1246 1982 1310 cardinalibus
2023 1247 2280 1329 aliisque
2324 1250 2499 1330 Epis-

567 1358 736 1440 copis
785 1356 1103 1416 nonnullas
1141 1354 1524 1421 tradiderunt
1573 1355 1900 1415 sententias
1918 1397 1939 1427 ,
1982 1374 2060 1413 ex
2102 1353 2271 1414 illius
2306 1355 2497 1436 scrip-

567 1463 685 1537 fis,
721 1466 790 1520 ut
823 1458 1105 1520 dicebant
1123 1502 1144 1533 ‚
1183 1467 1540 1541 excerptas,
1580 1464 1645 1520 et
1677 1458 1956 1519 haeresin
1982 1459 2059 1520 iis
2098 1458 2265 1520 olere
2298 1459 2496 1530 visas;

565 1567 828 1646 itemque
875 1562 1200 1624 effecerunt
1217 1606 1238 1636 ,
1294 1568 1364 1623 ut
1418 1561 1499 1622 ad
1542 1562 1895 1624 Pontificem
1934 1569 1999 1624 et
2037 1562 2389 1625 cardinales
2432 1565 2499 1624 in

565 1671 662 1732 sui
703 1668 1110 1730 defensionem
1144 1673 1463 1730 vocaretur
1501 1664 1615 1747 (3).
1673 1663 1785 1726 cui
1811 1666 1985 1748 jusso
2014 1687 2227 1727 nussus
2258 1666 2501 1749 quidem

564 1774 1006 1857 obtemperavit
1023 1817 1045 1848 ,
1098 1773 1188 1838 ita
1231 1779 1432 1834 tamen
1449 1816 1471 1846 ,
1526 1776 1596 1833 ut
1639 1771 2004 1854 significaret
2022 1816 2043 1846 ,
2094 1793 2160 1833 se
2206 1771 2497 1833 constan·

566 1880 714 1942 fiam
753 1880 990 1942 venisse
1008 1922 1030 1953 ,
1070 1897 1194 1960 quo
1231 1896 1434 1939 coram
1471 1873 1747 1940 Concilio
1760 1919 1781 1950 ‚
1820 1879 2061 1940 minime
2105 1899 2309 1941 coram
2350 1878 2498 1940 car-

565 1985 866 2048 dinalibus
879 2029 901 2060 ,
953 2004 1196 2048 causam
1247 1981 1483 2044 diceret
1498 2024 1519 2055 ‚
1572 1979 1751 2042 simul
1796 1980 2111 2046 declarans
2147 2029 2169 2059 ,
2224 2003 2295 2048 se
2336 1987 2501 2046 mon·

562 2092 756 2156 malle
769 2135 804 2170 ,
865 2109 1054 2172 quam
1115 2091 1309 2152 unius
1371 2088 1647 2167 alicujus
1713 2092 1949 2150 errem
2008 2091 2135 2151 sibi
2190 2093 2501 2152 conscium

566 2217 704 2260 ease
745 2195 856 2278 (4).
931 2195 1260 2278 Postquam
1299 2192 1651 2256 cardinales
1665 2237 1686 2268 ,
1740 2195 1911 2277 quasi
1951 2193 2328 2257 deliberandi
2363 2218 2498 2280 gra-

565 2301 652 2360 tis
668 2344 689 2375 ,
726 2300 1128 2362 discesserant
1142 2344 1163 2375 ,
1209 2319 1423 2360 nussus
1466 2308 1529 2360 et
1570 2319 1824 2361 JoAms
1860 2321 1937 2362 nn
1975 2322 2171 2362 cunm
2205 2302 2271 2361 in
2302 2305 2499 2360 custo·

567 2405 728 2465 diam
771 2406 1065 2467 militibus
1112 2406 1326 2467 traditi
1365 2412 1524 2465 sunt.
1598 2405 1867 2482 Quorum
1910 2409 2219 2490 posterior
2260 2406 2500 2491 quidem

563 2510 737 2573 brevi
772 2520 915 2593 post
946 2512 1010 2572 in
1045 2510 1389 2571 libertatem
1422 2506 1803 2584 vindicatum
1841 2512 2013 2592 prior
2044 2532 2191 2573 vero
2224 2512 2290 2571 in
2321 2509 2499 2571 domo

566 2614 855 2677 canonici
901 2616 1210 2698 cujusdam
1250 2612 1755 2689 constantiensis,
1798 2637 1835 2678 a
1880 2614 1965 2678 28
1998 2616 2353 2679 Novembris
2400 2636 2498 2677 ca-

562 2720 764 2801 ptivus
811 2721 1031 2781 mansit
1066 2720 1180 2801 (5).
1205 2753 1283 2769 —
1333 2719 1474 2781 olam
1510 2739 1763 2781 somus
1800 2741 1877 2780 nn
1915 2740 2146 2797 cunum,
2184 2722 2497 2784 incolumi-

565 2825 708 2885 tatis
756 2824 995 2885 litteras
1031 2825 1290 2887 violatas
1328 2844 1462 2885 esse
1506 2824 1920 2907 indignissime
1957 2826 2158 2886 ferens
2178 2870 2199 2900 ,
2237 2828 2499 2907 primum

561 2930 628 2990 in
681 2947 848 2990 nussx
891 2930 1148 3013 gratiam
1193 2949 1259 2989 se
1309 2930 1610 2992 convertit
1656 2928 1737 2990 ad
1782 2930 2171 3003 Pontificem3
2210 2929 2314 3011 qui
2347 2928 2499 2989 baec

2370 3053 2495 3094 non

641 3136 720 3207 (1)
800 3152 969 3193 nussr
1017 3139 1155 3194 Hist-
1203 3148 1260 3193 et
1309 3140 1549 3193 Momm-
1612 3138 1670 3193 T.
1717 3139 1766 3192 I.
1814 3155 1878 3210 p.
1920 3138 2027 3191 48b
2054 3154 2208 3212 sqq„
2248 3142 2352 3191 52²
2378 3153 2498 3211 sqq.

565 3220 715 3279 conf.
745 3240 1000 3282 innui·
1015 3266 1033 3295 ‚
1070 3229 1214 3282 Hise.
1253 3226 1332 3281 du
1372 3228 1535 3281 Gom.
1575 3224 1641 3281 de
1672 3228 1851 3283 comt.
1886 3231 1942 3282 T.
1968 3230 2017 3283 Ῑ.
2042 3247 2105 3301 p.
2135 3233 2209 3281 42
2226 3244 2344 3300 sqq.

639 3314 721 3387 (2)
793 3316 868 3369 De
897 3323 1121 3393 utroque
1138 3356 1154 3384 ,
1195 3317 1255 3369 in
1280 3332 1449 3371 nusst
1475 3314 1768 3387 perniciem
1793 3334 1823 3371 e
1856 3314 2108 3372 Bohemia
2138 3314 2499 3373 Constantiam

561 3402 795 3479 profecto
815 3446 832 3473 ,
873 3402 1016 3460 infra
1052 3402 1270 3459 uberius
1301 3402 1513 3459 dicendi
1550 3403 1697 3459 locus
1736 3405 1861 3462 erit.

641 3494 720 3567 (3)
797 3510 968 3551 nussl
1006 3496 1146 3549 Hise.
1183 3504 1238 3549 et
1265 3496 1505 3549 Momm.
1545 3497 1604 3549 T.
1628 3498 1677 3550 Ῑ.
1701 3514 1766 3568 p.
1794 3496 1862 3551 41³
1888 3513 1971 3571 sq.
2010 3492 2135 3550 coll.
2169 3513 2236 3567 p.
2262 3499 2383 3548 58⁸.

641 3583 722 3655 (4)
798 3582 838 3638 l.
878 3582 918 3638 l.
947 3603 1011 3657 p.
1051 3591 1135 3638 δα.
2148 3641 2151 3643 ,

643 3672 724 3745 (δ)
799 3672 838 3727 1.
875 3673 916 3728 l.
954 3693 1018 3747 p.
1049 3680 1113 3727 δι
1143 3690 1226 3747 sq.
1273 3670 1427 3727 alibi.
1503 3675 1682 3747 Neque
1730 3672 1897 3727 etiam
1946 3671 2016 3728 ab
2065 3670 2275 3727 insidiis
2322 3687 2499 3730 mssso

562 3759 828 3816 struendis
884 3760 1386 3839 quaestionibusque
1441 3760 1663 3837 spinosis
1714 3760 1766 3818 ei
1820 3760 2167 3837 proponendis
2204 3760 2305 3816 hoc
2356 3768 2502 3815 tem-

563 3864 688 3921 pore
731 3847 1126 3906 abstinuerunt.
1201 3851 1290 3907 Sic
1327 3872 1380 3907 v.
1417 3870 1496 3922 c.,
1551 3860 1831 3929 postquam
1878 3850 2180 3908 cardinales
2220 3848 2497 3921 abierant,

563 3936 848 3993 Monachus
891 3939 1115 4015 quidam
1157 3940 1227 3997 ad
1269 3956 1496 3999 nussum
1532 3941 1751 3999 accessit
1768 3982 1785 4013 ‚
1826 3962 1890 3999 ac
1925 3960 2051 3999 cum
2088 3961 2149 3998 eo
2186 3940 2501 4017 disceptavit

568 4024 632 4080 de
660 4029 1306 4097 Transmbaesann'atione,
1349 4050 1514 4107 quam
1546 4031 1819 4107 appellant
1838 4074 1855 4106 ,
1890 4040 1946 4091 et
1974 4031 2037 4089 de
2066 4030 2272 4111 duplici
2304 4030 2499 4089 Christi

568 4116 780 4173 natura.
823 4133 988 4176 nussl
1025 4122 1160 4178 Hise.
1203 4133 1260 4179 et
1297 4126 1536 4183 Monam.
1576 4122 1613 4179 1.
1648 4124 1686 4181 1.
