2976 4737
1501 431 1601 506 90

576 617 739 680 fecto
777 616 930 682 baec
962 639 1144 682 causa
1158 665 1181 697 ,
1216 623 1403 687 etiam
1438 629 1733 705 quatenus
1760 622 1894 704 ipsa·
1927 619 2133 704 aliquo
2158 620 2297 703 jure
2329 639 2513 684 nusso

574 724 759 786 fuerit
801 725 1046 808 objecta
1062 772 1084 803 ‚
1138 748 1259 790 non
1286 733 1411 790 tam
1446 729 1648 812 gravis
1681 725 1904 790 viderit
1945 725 2155 788 debuit
2190 725 2464 787 Concilio
2486 771 2508 802 ,

574 837 644 890 ut
670 829 883 893 ultimo
918 830 1219 914 supplicio
1247 833 1441 896 virum
1466 833 1778 892 damnaret
1794 875 1816 906 ‚
1855 831 1993 914 qni,
2033 833 2300 914 quamvis
2328 833 2512 894 inter-

574 933 719 996 dum
756 935 1067 998 Ecclesiae
1117 938 1478 1001 Rectoribus
1525 957 1591 998 se
1631 941 1966 1018 opponeret
1983 979 2003 1010 ,
2043 942 2243 996 tamen
2269 939 2510 999 minime

574 1049 985 1104 contumacem
1042 1063 1109 1104 se
1160 1040 1544 1118 ostenderat,
1615 1043 1736 1103 imo
1780 1061 1926 1103 vero
1967 1042 2056 1102 ita
2101 1041 2511 1103 Constantiam

574 1167 815 1231 quoque
848 1154 983 1209 erat
1012 1147 1325 1229 profectus
1340 1191 1360 1222 ,
1401 1153 1470 1206 ut
1503 1153 1565 1206 et
1592 1145 1732 1206 inde
1765 1147 2132 1208 contrarium
2168 1152 2506 1228 appareret.

573 1252 769 1335 Leges
786 1297 806 1328 ,
847 1253 1081 1326 fateor,
1120 1250 1614 1326 Ecclesiasticae,
1655 1251 1928 1314 Gratiani
1965 1251 2249 1326 decreto,
2289 1253 2509 1314 Decre-

573 1357 799 1420 talibus
825 1401 845 1432 ,
919 1356 1463 1439 Extravagantibus
1491 1400 1512 1431 ,
1587 1356 2001 1438 similibusque
2045 1355 2507 1418 collectionibus

572 1459 1038 1543 comprehensae
1057 1487 1115 1534 ‚·
1152 1461 1218 1520 in
1282 1458 1556 1522 Clericus
1613 1461 2002 1522 refractarios
2017 1505 2038 1536 ,
2105 1462 2209 1544 qui
2261 1483 2508 1522 munere

575 1562 847 1646 suspensi
862 1607 883 1640 ‚
936 1561 1247 1645 multoque
1284 1562 1465 1624 etiam
1493 1564 1684 1646 magis
1711 1565 1776 1624 in
1801 1585 1907 1626 eos
1921 1607 1942 1638 ,
1983 1564 2087 1646 qui
2124 1586 2202 1625 ex
2235 1565 2510 1626 Ecclesia

576 1669 756 1752 ejecti
791 1675 1028 1743 essent,
1080 1670 1341 1730 maxima
1391 1669 1786 1731 animadverti
1833 1670 2151 1731 severitate
2192 1669 2508 1752 jubebant.

576 1774 696 1836 Eas
736 1772 988 1856 proinde
1006 1815 1027 1846 ,
1070 1793 1195 1834 non
1232 1774 1558 1834 sententias
1604 1774 1977 1857 quorundam
2018 1775 2342 1834 Doctorum
2383 1776 2507 1835 sin-

576 1880 875 1964 gularium
893 1923 915 1954 ,
968 1877 1183 1939 Patres
1242 1877 1730 1941 constantienses
1778 1880 1948 1962 sequi
1981 1879 2259 1940 debuisse
2281 1922 2302 1953 ,
2341 1879 2506 1940 haud

576 1983 707 2044 sine
772 1983 1007 2044 ratione
1072 1983 1322 2046 dixeris.
1418 1978 1643 2046 Verum
1689 1992 1962 2067 tempora
1983 2028 2004 2060 ,
2065 1982 2279 2066 quibus
2323 2003 2505 2044 causa

574 2109 745 2151 mss!
781 2089 1077 2172 agebatur
1092 2133 1114 2164 ,
1166 2089 1493 2172 spectanda
1528 2097 1684 2152 sunt.
1770 2092 1850 2151 Et
1884 2089 2034 2151 haee
2068 2088 2309 2172 quidem
2349 2087 2506 2170 ejus-

574 2193 743 2256 modi
794 2201 1005 2270 erant,
1064 2201 1136 2256 ut
1186 2192 1512 2256 multarum
1561 2214 1640 2254 ex
1692 2191 1810 2254 boc
1866 2214 2083 2277 genere
2140 2193 2346 2276 legum
2384 2213 2507 2254 non

577 2319 792 2383 parum
836 2298 1155 2361 vacillaret
1194 2300 1542 2361 auctoritas.
1630 2297 1840 2381 Neque
1879 2319 2080 2360 rerum
2113 2305 2345 2360 tantum
2383 2305 2504 2359 tes-

576 2404 825 2464 timonia
878 2402 1265 2478 adduximus,
1308 2403 1389 2464 ab
1417 2401 1758 2463 bominibus
1795 2401 2051 2485 privatis
2089 2402 2166 2463 de
2197 2402 2292 2465 bis
2323 2403 2504 2465 rebus

578 2506 817 2587 prolata
837 2548 858 2581 ,
934 2504 1045 2565 sed
1098 2506 1175 2567 ab
1236 2506 1366 2571 illis
1408 2508 1596 2589 ipsis,
1657 2507 1761 2589 qui
1778 2551 1798 2582 ,
1855 2508 1920 2568 in
1974 2507 2245 2571 Concilio
2301 2515 2505 2591 partes

577 2612 849 2695 potiores
911 2616 1159 2693 agentes
1175 2655 1196 2686 ,
1260 2612 1479 2694 partim
1539 2612 1751 2673 saltem
1805 2612 2016 2674 eadem
2065 2612 2466 2676 defendebant
2482 2657 2503 2688 ,

578 2734 733 2797 quae
784 2714 851 2774 in
902 2732 1086 2775 maso
1142 2714 1632 2777 condemnarunt.
1721 2715 1788 2777 Si
1838 2736 1984 2777 vero
2018 2736 2196 2800 urges
2220 2760 2243 2792 ,
2282 2739 2508 2779 nussum

576 2841 653 2881 eo
707 2839 1095 2902 progressum
1146 2820 1333 2881 fuisse
1351 2864 1374 2895 ,
1430 2826 1498 2881 nt
1563 2820 1775 2881 Patres
1826 2822 2174 2904 congregati
2191 2864 2212 2895 ,
2267 2822 2344 2884 de
2398 2825 2507 2884 sua

578 2924 887 3009 cogitandi
933 2925 1171 2987 ratione
1189 2970 1210 3001 ,
1264 2947 1401 2987 eum
1446 2946 1570 2985 non
1615 2925 1971 3006 impunitum
2019 2922 2319 2985 dimittere
2364 2944 2506 3004 pos-

578 3037 748 3104 seut3
811 3030 1050 3114 legibus
1095 3029 1534 3093 Ecclesiasticis
1552 3073 1573 3104 ,
1629 3028 1844 3111 opinor
1863 3072 1884 3103 ,
1941 3045 2018 3087 ex
2058 3046 2248 3107 aequo
2302 3025 2381 3086 ab
2426 3026 2504 3087 iis

578 3136 953 3197 satisfactum
998 3136 1214 3197 fuisset
1236 3178 1258 3211 ,
1312 3135 1369 3195 si
1409 3134 1648 3197 mitiore
1691 3132 1894 3214 aliqua
1939 3132 2134 3214 poena
2179 3149 2316 3191 eum
2365 3129 2506 3193 affe-

578 3242 800 3306 cissent
821 3286 843 3320 ,
897 3262 1076 3329 quam
1108 3242 1173 3306 in
1204 3239 1397 3305 diram
1432 3239 1586 3303 adeo
1617 3243 1873 3303 mortem
1903 3234 2314 3301 tradidissent.

2359 4052 2516 4136 §5-
