2976 4737
1380 443 1522 518 1oe

480 632 879 720 patrocinium
930 634 1265 716 suscepisse
1312 632 1608 696 videatur.
1685 628 2010 698 Contendit
2055 632 2250 708 enim,
2307 652 2416 694 cos

480 742 653 804 nullo
691 739 987 823 peculiari
1022 741 1086 800 in
1129 759 1359 802 nussum
1398 737 1540 800 odio
1571 736 1792 798 ductos
1823 737 2008 798 fnisse
2021 781 2042 813 ,
2083 757 2220 800 cum
2249 735 2417 799 dam-

478 847 741 908 nationis
758 846 1053 928 judicium
1086 846 1583 928 pronuntia-cnm
1621 830 1788 926 quod
1815 843 2008 906 multo
2039 844 2244 927 potius
2271 864 2416 906 suae

480 952 672 1034 ipsius
725 953 1100 1034 pervicaciae
1152 958 1465 1033 acceptum
1515 947 1895 1010 referendum
1945 950 2244 1015 hahuerit.
2321 951 2418 1012 In-

483 1077 721 1118 cassum
753 1075 899 1117 vcro
930 1054 1109 1136 hujus
1146 1057 1475 1116 sententiae
1512 1061 1862 1136 argumenta
1883 1054 2044 1135 apud
2071 1075 2208 1116 cum
2236 1075 2416 1137 qnae·-

486 1162 681 1223 sieris.
737 1162 927 1238 ‚Quae
981 1167 1044 1221 et
1089 1181 1305 1223 vereor
1356 1167 1425 1220 ut
1466 1160 1682 1223 afferre
1730 1159 2022 1241 potuerit.
2094 1159 2154 1220 E·
2180 1165 2418 1219 contra·

482 1267 579 1327 rio
614 1265 943 1327 Germanos
970 1265 1153 1326 etiam
1180 1263 1255 1324 de
1288 1266 1467 1326 causa
1499 1263 1620 1324 sihi
1654 1263 1891 1344 privata
1921 1283 2148 1324 nussum
2173 1262 2416 1326 inimice

480 1370 811 1432 insectatos
842 1390 975 1430 esse
995 1413 1016 1443 ‚
1057 1368 1237 1450 plura
1270 1369 1590 1431 admodum
1619 1368 1936 1453 probabile
1968 1368 2248 1430 reddunt.

556 1477 885 1552 Nimirum,
930 1474 1075 1536 inde
1113 1475 1191 1536 ab
1244 1476 1632 1557 Imperatoris
1681 1497 1896 1538 canon
1929 1476 2016 1536 lv
2059 1481 2292 1550 aetate,
2336 1494 2418 1536 ex

482 1580 737 1644 Scholae
781 1581 1109 1664 Pragensis
1149 1581 1299 1641 flore
1336 1582 1496 1641 inter
1522 1579 1851 1643 Germanos
1885 1587 1949 1640 et
1983 1580 2279 1642 Bohcmos
2317 1599 2418 1641 ve-

480 1686 725 1749 hemens
770 1692 904 1748 orta
938 1685 1261 1746 aemulatio
1312 1691 1376 1746 et
1418 1686 1728 1746 contentio
1759 1690 1871 1746 est.
1947 1685 2050 1746 Illi
2083 1687 2273 1767 igitur
2304 1683 2418 1746 hos

482 1792 773 1876 impedire
810 1790 1013 1852 conati
1056 1794 1228 1861 sunt,
1268 1788 1583 1870 quominus
1617 1790 1682 1849 in
1719 1788 1938 1848 artium
1979 1797 2043 1847 et
2073 1787 2418 1870 disciplina-

480 1918 617 1958 rum
659 1894 861 1958 studio
906 1893 1275 1976 proficerent
1289 1935 1309 1965 ,
1354 1912 1682 1974 corumque
1725 1892 2076 1953 doctoribus
2120 1912 2244 1953 non
2277 1912 2420 1954 raro

484 2003 648 2065 omni
684 2001 871 2083 opera
916 2020 981 2059 sc
1014 2004 1446 2079 opposuerunt.
1529 1998 1732 2076 Quare
1785 1998 1964 2063 aliter
2004 1998 2140 2068 fieri
2172 1998 2276 2059 vix
2308 2019 2420 2079 po-

483 2113 679 2180 terat,
720 2106 865 2188 quin
902 2125 1132 2164 nussum
1149 2147 1171 2176 ,
1208 2110 1272 2164 ct
1307 2103 1634 2165 Bobemum
1671 2112 1735 2166 et
1766 2104 1908 2165 flori
1947 2102 2118 2163 illius
2157 2101 2421 2166 Scholae

482 2232 601 2292 pro
654 2218 829 2293 parte
884 2207 1051 2270 virili
1107 2206 1518 2270 consulentem
1544 2250 1568 2282 ,
1632 2207 1866 2270 invidia·
1923 2229 2162 2292 quoqne
2210 2229 2420 2291 prose-

486 2321 854 2403 querentur3
914 2333 1069 2397 quae
1129 2312 1311 2376 facile
1367 2311 1511 2374 inde
1577 2321 1752 2376 aucta
1807 2323 1904 2377 est
1927 2359 1944 2390 ,
2001 2313 2166 2398 quod
2204 2334 2419 2377 Russus

478 2424 791 2487 doctrinae
844 2423 1021 2503 copia
1078 2425 1142 2481 et
1195 2418 1436 2479 dicendi
1480 2416 1769 2479 facultate
1785 2464 1806 2494 ‚
1845 2440 2185 2481 wuncnsmr
2237 2422 2422 2483 etiam

469 2530 703 2615 judicio
717 2573 739 2605 ,
808 2528 1029 2590 ceteris
1099 2525 1450 2587 doctoribus
1520 2529 1876 2608 praestaret.
1981 2526 2106 2588 Sed
2157 2529 2418 2590 maxime

475 2634 594 2695 illa
650 2634 843 2696 crevit
894 2630 1119 2693 invidia
1132 2674 1153 2706 ‚
1221 2652 1301 2693 ex
1365 2652 1487 2714 quo
1556 2650 1941 2693 wenensuus
2005 2632 2295 2714 agitatam
2349 2632 2417 2693 in

477 2738 702 2801 Schola
739 2737 1031 2823 Pregensi
1078 2736 1156 2800 de
1211 2737 1510 2821 suffragiis
1558 2736 1826 2799 ferendis
1869 2738 2280 2819 quaestionem
2329 2738 2444 2809 ita,

477 2843 839 2918 diremerat,
890 2848 958 2903 ut
1008 2840 1287 2903 Bohemis
1332 2843 1399 2901 in
1454 2843 1886 2904 Germanorum
1939 2842 2218 2903 damnum
2256 2842 2418 2903 fave-

475 2954 602 3011 rete
655 2946 820 3032 quod
868 2966 1049 3012 nusso
1110 2946 1383 3029 inprimis
1404 2990 1424 3021 ‚
1475 2968 1588 3008 nec
1649 2946 1776 3007 sinc
1814 2948 2028 3019 causa,
2081 2947 2418 3029 imputaba-

474 3058 595 3115 tur.
697 3052 909 3134 ltaque
966 3050 1247 3111 Germani
1264 3092 1287 3124 ,
1358 3049 1500 3111 inde
1565 3051 1874 3112 iratissimi
1894 3094 1915 3125 ,
1990 3052 2190 3139 Praga
2256 3054 2418 3118 abie-

474 3163 619 3219 runt
654 3156 747 3239 (1)
792 3156 1073 3239 injuriam
1103 3154 1335 3231 ulturi,
1386 3156 1565 3216 simul
1610 3163 1791 3239 atque
1842 3177 1907 3217 se
1949 3158 2272 3221 obtulisset
2307 3181 2420 3244 op-

474 3260 833 3341 portunitas.
909 3258 1050 3319 Jam
1086 3258 1322 3321 initium
1362 3259 1641 3321 fecerunt
1682 3282 1720 3321 a
1767 3261 2189 3346 dispergendis
2243 3263 2418 3327 falsis

477 3364 555 3425 de
584 3384 765 3427 uusso
799 3364 1053 3447 ejusque
1086 3362 1363 3426 doctrina
1403 3366 1781 3439 rumoribus;
1819 3364 1938 3427 alia
1971 3373 2415 3447 pervertentes,

475 3463 601 3529 alia
641 3468 699 3529 ei
745 3468 1128 3551 affingentes,
1169 3488 1324 3549 quae
1370 3468 1884 3529 vehementissime
1925 3469 2128 3532 odium
2173 3471 2239 3532 in
2282 3492 2418 3535 eum

477 3574 871 3635 concitarent.
947 3572 1083 3651 Quo
1118 3573 1258 3633 odio
1294 3581 1672 3657 quantopere
1697 3574 1872 3636 multi
1900 3576 2130 3638 incensi
2155 3577 2414 3655 fuerint,

473 3685 646 3762 patet
692 3680 875 3741 ctiam
921 3700 958 3741 e
1006 3679 1204 3739 literis
1222 3722 1245 3754 ,
1300 3698 1337 3737 a
1390 3698 1741 3740 mommo
1797 3680 1864 3739 in
1911 3681 2165 3765 gratiam
2208 3702 2416 3759 πᾶσι,

478 3801 617 3843 cum
634 3779 735 3845 hic
760 3780 843 3844 ad
872 3782 1100 3847 curiam
1116 3785 1445 3848 Romanam
1474 3788 1758 3847 evocatus
1785 3790 1919 3847 crat
1932 3829 1954 3861 ,
1971 3784 2195 3849 amni
2213 3784 2414 3849 xxm

2269 3912 2411 3955 ms·

557 4085 636 4157 (1)
708 4106 761 4144 v.
800 4102 844 4141 s.
875 4106 939 4162 p.
978 4096 1073 4146 24.
1107 4107 1225 4164 sqq.
