2976 4737
1537 423 1637 502 80

608 617 827 696 9υόιὺ
858 614 1115 676 Domino·
1154 614 1358 676 matre·
1399 613 1566 677 Jeeu
1602 611 1846 678 emta·
1869 615 2160 696 proficiat
2197 615 2314 678 ubi
2346 616 2416 676 iu
2443 633 2545 678 re-

612 724 967 782 missionem
998 721 1273 781 omnium
1298 725 1694 798 pommus
1728 725 1974 784 tuorum
2005 721 2096 782 ad
2125 723 2314 782 vitam
2347 724 2568 796 oeten,

610 844 761 888 uam
777 824 889 907 (1).
962 823 1087 886 Sed
1127 823 1274 908 qnid
1320 844 1477 906 opus
1519 831 1650 900 est,
1703 826 2006 908 copiosius
2047 825 2125 887 de
2161 825 2275 886 bac
2319 845 2386 884 re
2421 823 2542 884 dis-

611 937 827 1013 putare
844 931 878 992 ⁶?
933 929 1322 992 Notissima»
1360 929 1520 990 enim
1549 936 1644 990 est
1660 973 1682 1004 ‚
1722 929 1988 991 Calicem
2019 929 2276 992 Saeculo
2306 930 2544 991 demum

614 1035 726 1098 xn
743 1079 764 1110 ,
836 1035 1041 1096 multis
1092 1033 1570 1115 improbantibus
1587 1076 1609 1109 ,
1657 1032 1758 1096 bic
1800 1035 1932 1096 illic
1977 1035 2206 1118 populo
2262 1033 2544 1095 interdici

612 1139 905 1223 coepisse.
980 1137 1153 1200 Unde
1211 1137 1390 1200 simul
1446 1144 1735 1221 apparet,
1777 1159 1898 1221 quo
1927 1140 2068 1220 jure
2103 1138 2440 1200 Concilium
2477 1139 2544 1198 in

610 1245 858 1306 decreto
928 1248 1258 1304 memorato
1302 1241 1458 1303 banc
1511 1243 1837 1304 novitatem
1885 1243 2338 1305 consuetudinis
2369 1244 2542 1303 .anti-

610 1369 765 1432 quae
800 1348 1039 1408 nomine
1075 1347 1398 1408 vocaverit.
1478 1345 1682 1408 Verbo
1729 1353 1960 1408 tantum
1997 1345 2156 1408 addo
2179 1392 2199 1421 ,
2241 1348 2544 1430 quaestio-

606 1473 745 1514 nem
776 1451 851 1512 de
880 1451 1119 1512 Coenae
1152 1449 1373 1512 Sacrae
1400 1451 1799 1513 celebrandae
1828 1451 2011 1512 modo
2039 1453 2314 1513 universe
2349 1453 2545 1534 magis

609 1555 691 1618 ad
724 1553 1033 1616 Ecclesiae
1069 1555 1254 1615 ritum
1295 1576 1474 1637 quam
1513 1555 1593 1616 ad
1625 1556 1959 1618 doctrinam
1989 1559 2310 1639 pertinere.

682 1660 1007 1722 Praeterea
1056 1666 1120 1722 et
1163 1660 1318 1722 aliae
1363 1660 1676 1722 doctrinae
1713 1683 1893 1724 uusso
1932 1663 2080 1724 vitio
2118 1681 2330 1722 versae
2360 1668 2502 1722 sunt
2519 1706 2542 1739 ,

610 1765 693 1830 ob
728 1786 875 1848 quas
894 1809 914 1839 ,
963 1765 1017 1827 si
1056 1767 1272 1826 reveri
1326 1783 1429 1826 eas
1477 1766 1788 1848 professus
1827 1775 1992 1830 esset
2007 1815 2029 1846 ‚
2081 1791 2160 1830 ex
2197 1770 2332 1831 aevi
2373 1769 2545 1832 illius

610 1870 918 1956 cogitandi
970 1871 1203 1932 ratione
1252 1873 1470 1932 merito
1519 1892 1654 1932 eum
1707 1871 1976 1934 haeresis
2020 1882 2405 1937 accusassent
2419 1919 2440 1950 ,
2480 1881 2544 1938 et

611 1976 1122 2040 condemnassent.
1212 1974 1304 2035 De
1356 1974 1483 2036 illis
1544 1982 1742 2038 antem
1792 1976 2138 2061 singulatim
2183 1979 2388 2040 dicere
2439 1998 2542 2041 ve-

610 2087 747 2143 tant
778 2079 1048 2153 termini,
1087 2096 1239 2161 quos
1269 2078 1334 2140 in
1359 2077 1476 2140 bac
1513 2081 1844 2163 scriptione
1875 2081 2052 2142 nobis
2087 2081 2540 2144 constituendos

611 2185 912 2248 duximus.
984 2186 1194 2268 Neque
1233 2184 1300 2245 id
1336 2184 1493 2272 adeo
1527 2186 1874 2268 requiritur.
1947 2187 2102 2250 Nam
2137 2195 2382 2270 praeter
2415 2210 2541 2250 om·

610 2312 751 2353 nem
792 2288 1284 2373 probabilitatem
1297 2331 1318 2362 ,
1368 2298 1432 2349 et
1480 2291 1800 2352 maximam
1831 2298 2064 2374 partem
2089 2291 2167 2352 ab
2200 2292 2544 2354 bominibus

612 2396 887 2459 obscuris
904 2439 925 2470 ,
960 2396 1089 2457 sine
1123 2392 1267 2455 ullis
1307 2392 1542 2455 idoneis
1565 2416 1770 2457 rerum
1799 2398 2164 2479 argumentis
2181 2439 2206 2468 .
2237 2399 2296 2459 ei
2315 2399 2546 2459 affictae

614 2506 753 2561 sunt
793 2498 906 2579 (2).
982 2498 1094 2559 His
1144 2500 1333 2582 igitur
1387 2500 1900 2563 criminationibus
1951 2510 2116 2564 certe
2162 2524 2338 2567 nemo
2385 2505 2505 2565 erit
2521 2548 2546 2580 ,

610 2626 651 2668 a
696 2602 1126 2686 praejudicatis
1178 2604 1560 2685 opinionibus
1611 2605 1796 2686 paulo
1845 2606 2104 2669 liberior
2122 2652 2143 2683 ,
2197 2611 2302 2693 qui
2337 2630 2548 2693 parem

613 2708 843 2771 tribuat
870 2709 1287 2769 auctoritatem
1302 2752 1323 2783 ,
1350 2712 1532 2790 atque
1559 2730 1768 2770 eorum
1784 2714 2182 2788 testimoniis,
2216 2716 2321 2798 qui
2345 2716 2546 2777 istius-

612 2814 776 2879 modi
813 2814 1259 2877 criminationes
1290 2813 1635 2877 luculenter
1674 2815 1958 2878 falsitatis
1997 2826 2325 2901 arguerunt
2349 2818 2466 2903 (3).

688 2920 897 3001 ltaque
934 2940 1011 2979 ex
1055 2918 1134 2979 iis
1156 2962 1179 2994 ,
1219 2939 1372 3003 quae
1417 2918 1498 2979 ad
1537 2920 1978 2983 accusationem
2012 2924 2348 2986 notavimus
2365 2969 2387 3000 ‚
2427 2926 2550 3008 qni

474 3038 479 3041 ·
613 3043 830 3087 nussus
884 3042 1133 3087 errores
1141 3067 1174 3103 ,
1238 3044 1315 3085 ae
1382 3024 1676 3087 haereses
1689 3067 1716 3098 ,
1772 3026 1852 3087 ab
1901 3027 2191 3091 Ecclesia
2243 3030 2371 3092 Dei
2403 3033 2550 3110 jans

614 3131 848 3195 dudam
896 3132 1369 3206 condemnatas,
1413 3131 1818 3209 praedicasse
1864 3129 2120 3209 dicitur,
2173 3136 2320 3195 satis
2365 3155 2552 3217 appa-

614 3242 715 3299 ret
729 3280 750 3313 ,
802 3256 935 3297 eam
975 3255 1187 3318 parum
1218 3234 1575 3295 instructam
1593 3276 1614 3309 ‚
1651 3255 1768 3296 nec
1796 3242 1962 3299 certe
1991 3239 2376 3322 praecipuam
2411 3261 2552 3302 cau-

616 3360 745 3402 sam
774 3338 961 3401 fuisse
978 3383 1000 3415 ,
1034 3360 1142 3401 cnr
1170 3337 1507 3401 Concilium
1525 3339 1720 3401 virum
1739 3342 2023 3405 eximium
2043 3345 2554 3407 condemnaverit.

2390 3445 2451 3529 5.
2488 3448 2548 3511 4.

694 3577 775 3652 (1)
850 3578 987 3633 Cum
1034 3570 1175 3633 varii
1219 3582 1421 3630 exstent
1456 3573 1636 3631 Missae
1679 3578 1913 3633 Canones
1931 3618 1947 3646 ,
1999 3584 2056 3631 et
2093 3594 2265 3653 neque
2301 3592 2510 3634 nussus
2531 3618 2550 3647 ,

616 3684 717 3725 nec
768 3664 833 3721 de
886 3681 1029 3723 inu
1084 3663 1325 3721 indicent
1350 3703 1370 3735 ,
1418 3682 1708 3739 quemnam
1761 3668 2024 3722 Cauonem
2067 3664 2174 3720 sibi
2222 3663 2394 3722 velint
2413 3706 2431 3737 ‚
2485 3666 2554 3723 de

615 3762 885 3831 tempore,
925 3774 1030 3831 quo
1075 3757 1255 3809 Canon
1273 3794 1290 3823 ,
1329 3753 1391 3809 in
1427 3762 1581 3811 textu
1612 3753 1900 3827 excitatus,
1939 3752 2214 3811 confectus
2252 3765 2369 3829 est,
2407 3755 2554 3815 nihil

618 3843 788 3901 eti‘am
824 3844 958 3900 certi
995 3844 1162 3901 statui
1196 3852 1385 3919 potest.

697 3947 777 4020 (a)
850 3966 904 4004 v.
943 3966 987 4004 ι.
1055 3967 1119 4022 p.
1160 3954 1233 4003 σν
1272 3967 1356 4023 sq.

699 4046 783 4129 (a)
858 4069 911 4106 v.
948 4068 990 4107 s.
1061 4070 1123 4125 p.
1166 4060 1239 4109 84
1277 4072 1395 4128 sqq.
1446 4068 1453 4075 ·
