2976 4737
1399 447 1501 522 49
1540 457 1543 464 '

463 652 556 698 στι·
601 634 750 714 ejas
793 635 1078 697 doctrina
1120 634 1322 697 multa
1357 633 1663 697 scandala
1707 637 1936 698 exorta
1976 650 2114 696 esse
2124 676 2155 709 ,
2210 633 2303 693 ita
2333 637 2430 702 ut,

459 743 736 820 primam
781 743 1155 803 seminasset
1204 743 1555 802 discordiae
1598 743 1762 830 inter
1792 737 2309 802 Ecclesiasticum
2343 741 2415 798 et

464 845 809 908 Politicam
844 849 1076 906 statam
1086 887 1114 919 ,
1155 845 1374 904 deinde
1411 841 1713 905 Scholam
1746 863 1985 926 qaoque
2014 841 2406 921 Praqensem

463 968 586 1031 per
618 950 964 1010 discordias
995 947 1385 1008 dissolvisset
1416 945 1528 1028 (1).
1593 945 1925 1028 Utramque
1963 949 2406 1009 accusationem

467 1070 684 1112 nosses
722 1057 956 1113 amovet
969 1094 990 1127 ,
1035 1049 1512 1112 animadvertens
1531 1094 1552 1125 ,
1593 1051 1833 1132 priores
1882 1052 2219 1114 discordias
2264 1050 2408 1111 inde

471 1161 644 1216 natas
683 1177 814 1218 esse
828 1199 849 1231 ,
889 1153 1054 1238 quod
1087 1173 1472 1215 mansues
1504 1155 1569 1216 in
1598 1154 2011 1218 cardinalium
2042 1162 2249 1240 partes
2283 1155 2407 1216 dis-

472 1258 755 1320 cessisset
775 1303 796 1333 ,
851 1265 922 1319 ut
957 1259 1110 1320 adeo
1161 1279 1356 1340 neque
1407 1252 1691 1322 Pontifici
1741 1261 2008 1324 Romano
2062 1280 2359 1324 annonam
2382 1301 2407 1334 ,

473 1383 666 1444 neque
717 1362 1124 1425 Avenionensi
1165 1383 1494 1425 ammom
1543 1365 1904 1428 adhaereret
1938 1365 2073 1450 (2);
2112 1365 2411 1446 posterio-

471 1484 571 1528 res
607 1466 816 1528 deberi
849 1467 1132 1529 Bohemis
1151 1510 1172 1543 ,
1213 1467 1319 1549 qui
1346 1467 1493 1549 jura
1530 1487 1638 1529 sua
1678 1469 1819 1530 tuiti
1856 1474 2060 1529 essent
2100 1467 2214 1550 (3).

547 1573 746 1634 Finita
789 1573 1237 1650 disputatione,
1305 1593 1386 1632 nn
1429 1592 1679 1634 amco
1716 1573 2105 1656 reprehendit
2146 1593 2411 1648 nussum,

475 1678 640 1760 quod
687 1679 942 1754 dixerit,
994 1699 1192 1758 neque
1241 1678 1470 1760 Regem
1506 1675 1863 1752 Bohemiae‚
1917 1699 2113 1760 neque
2152 1677 2413 1761 Impera-

474 1787 671 1844 torem
729 1781 1033 1844 facturum
1095 1783 1285 1844 fuisse.
1300 1825 1323 1858 ,
1386 1791 1458 1843 ut
1518 1781 1928 1843 Constantiam
1978 1781 2244 1850 veniret.
2296 1783 2419 1844 nisi

475 1888 610 1969 ipse
659 1888 866 1950 venire
911 1886 1223 1950 voluisset.
1316 1885 1396 1948 Se
1443 1879 1533 1946 ita
1581 1885 1809 1946 dixisse
1850 1903 2065 1945 Russus
2097 1885 2410 1968 professus

475 1998 589 2054 est.
677 1992 1029 2054 Declaravit
1090 1996 1290 2053 autem
1345 2008 1599 2052 somnes
1645 2008 1725 2052 ms
1770 2008 1969 2050 cnam
1982 2031 2005 2064 ,
2060 2009 2127 2049 se
2182 1988 2376 2050 solum
2390 2031 2415 2063 ,

481 2100 750 2181 quamvis
815 2097 1045 2160 viribus
1114 2116 1332 2177 parum
1393 2095 1627 2158 valeret
1642 2138 1663 2171 ,
1740 2092 1922 2154 facile
2001 2093 2123 2158 hoc
2173 2094 2415 2156 effectu-

477 2220 614 2260 rum
664 2199 852 2261 fuisse
869 2243 890 2276 ,
958 2206 1045 2277 ut„²
1103 2200 1409 2289 integrum
1461 2222 1576 2283 per
1641 2221 1859 2262 annum
1914 2219 2143 2262 nussum
2204 2205 2414 2261 contra

480 2324 719 2368 omnem
751 2305 872 2366 vim
910 2304 1282 2368 defenderet.
1355 2306 1624 2367 Tandem
1679 2326 2056 2368 srexsuumos
2106 2325 2289 2370 nosco
2328 2305 2418 2367 di-

480 2410 578 2471 xit
593 2452 614 2485 ,
675 2408 1106 2473 incolumitatis
1155 2413 1394 2475 litteras
1441 2413 1623 2475 modo
1675 2411 1847 2472 datas
1890 2432 2022 2473 esse
2041 2454 2063 2487 ,
2113 2418 2184 2473 ut
2222 2410 2420 2473 libere

481 2516 725 2577 dicendi
775 2517 834 2577 ei
887 2524 1161 2600 potestas
1213 2526 1378 2581 esset
1429 2520 1538 2581 sua
1597 2518 1675 2579 de
1720 2517 1840 2579 fide
1877 2539 1949 2580 ac
1987 2517 2263 2580 doctrina
2282 2562 2303 2595 ,
2356 2524 2423 2581 et

479 2620 711 2705 gratias
759 2622 1022 2705 agendas
1075 2644 1208 2686 esse
1263 2622 1686 2686 cardinalibus
1700 2668 1721 2698 ,
1777 2623 1885 2705 qui
1932 2622 2089 2683 hanc
2130 2623 2188 2683 ei
2224 2622 2440 2685 facab·

479 2730 665 2786 tatem
717 2729 1202 2805 concessissent3
1256 2736 1524 2791 ceterum
1575 2728 1695 2790 sibi
1733 2749 1855 2788 non
1895 2727 2081 2788 licere
2118 2729 2179 2789 ei
2219 2735 2423 2810 patro-

481 2830 704 2905 cinari,
747 2834 852 2913 qui
884 2833 1151 2895 haeresis
1193 2839 1509 2915 suspectus
1550 2840 1745 2905 esset,
1790 2852 1974 2915 seque
2010 2851 2197 2915 porro
2234 2831 2424 2891 moni-

479 2940 608 2996 tum
647 2956 784 2997 eum
822 2937 984 3000 velle
999 2981 1020 3012 ,
1063 2944 1132 2999 ut
1166 2937 1440 2999 Concilio
1479 2958 1545 2998 se
1586 2936 1936 3019 subjiceret.
2016 2936 2141 2999 Sin
2178 2940 2425 3013 mima,

480 3040 568 3101 ita
602 3042 806 3124 pergit
825 3084 846 3117 ,
879 3044 1076 3121 facile
1113 3044 1425 3105 habebant
1452 3045 1763 3124 praefecti
1802 3041 2106 3119 Consilii,
2143 3042 2314 3123 quod
2348 3042 2427 3103 de

481 3150 544 3205 te
580 3150 876 3208 statuant.
929 3146 1070 3209 Nos
1119 3149 1368 3229 quidem
1407 3150 1539 3209 tais
1584 3148 1901 3210 erroribus
1938 3152 2005 3208 et
2038 3148 2431 3228 pertinaciae
2472 3220 2474 3225 .

481 3266 804 3330 nunquam
869 3244 1415 3330 patrocinabimar.
1526 3251 1661 3313 Imo
1726 3272 1845 3315 nos
1907 3253 2081 3313 hisce
2139 3250 2429 3311 manibus

484 3357 693 3433 iqnem
741 3354 856 3417 tibi
893 3358 1262 3435 parabimus
1306 3359 1565 3435 potius,
1618 3376 1805 3438 quam
1841 3362 1919 3417 at
1948 3356 2028 3417 ed
2041 3400 2066 3433 ,
2119 3354 2249 3436 qud
2284 3355 2432 3414 Ιιασ-

485 3464 708 3537 tenus,
758 3460 1115 3539 pertinacia
1150 3467 1210 3522 te
1245 3463 1483 3522 diutius
1520 3464 1621 3521 ati
1645 3464 1986 3544 patiamur.
2065 3457 2179 3520 Cui
2218 3477 2432 3517 nussus

486 3563 837 3647 respondit:
885 3565 1181 3629 Primam
1235 3565 1618 3629 Clementiae
1678 3564 1888 3640 Tuas,
1939 3563 2093 3625 Reoe
2143 3558 2433 3623 Serem‘s-

2356 3688 2435 3725 s»-

566 3770 647 3843 (1)
685 3769 844 3828 Vidd.
869 3788 1038 3830 nossx
1053 3774 1191 3829 His&
1219 3782 1276 3831 et
1289 3776 1530 3829 Monam.
1575 3774 1633 3829 T.
1656 3774 1704 3828 Ι.
1732 3790 1798 3845 p.
1824 3768 1927 3826 12¹³
1940 3784 2059 3842 sqq.
2098 3782 2437 3839 rucuma,

495 3856 537 3915 l.
575 3858 616 3914 Ι.
643 3879 710 3933 p.
755 3868 828 3918 ‘72
867 3879 987 3935 sqq.

571 3963 654 4036 (2)
721 3961 803 4019 Cf.
833 3985 906 4039 p.
944 3974 1038 4023 23.
1077 3980 1211 4024 nota
1249 3975 1304 4023 3.

576 4064 656 4139 (3)
732 4066 812 4125 cf.
844 4088 906 4143 p.
950 4076 1022 4127 28
1061 4090 1180 4145 sqq.
