2976 4737
1408 443 1547 520 123

524 635 836 717 principiis
888 631 1244 716 spargendis
1258 674 1279 706 ,
1319 630 1712 714 Reipublicae
1764 632 1943 691 etiam
1983 630 2260 690 damnum
2293 627 2466 688 affer-

522 745 636 800 ret.
699 739 872 800 Solet
902 737 1061 798 enim
1102 737 1401 810 sentiendi
1440 738 1600 798 ratio
1633 736 1710 796 de
1745 735 1926 797 rebus
1965 733 2168 796 Sacris
2203 741 2264 794 et
2299 733 2466 794 Poli-

522 845 661 911 ticis
716 845 1014 906 communi
1058 842 1263 926 aliquo
1322 841 1787 924 necessitudinis
1827 841 2068 902 vinculo
2123 841 2466 901 cohaerere.

523 949 755 1010 Russus
810 948 1024 1009 saltem
1066 950 1131 1009 in
1182 946 1467 1009 Bohemia
1486 992 1507 1022 ‚
1562 947 1922 1030 praesertim
1976 947 2138 1006 inter
2191 943 2426 1005 nobiles
2445 988 2464 1016 ‚

524 1054 745 1116 multos
798 1062 1009 1114 nactus
1056 1059 1188 1114 erat
1216 1053 1485 1114 fautores
1521 1062 1584 1113 et
1624 1055 1866 1115 amicos.
1917 1032 2164 1113 Monitis
2212 1051 2358 1110 item
2405 1056 2468 1108 et

524 1159 1047 1224 adhortationibus
1082 1159 1233 1220 satis
1254 1158 1546 1220 <effecerat
1559 1203 1584 1234 ‚
1625 1164 1695 1219 ut
1724 1157 1979 1238 Bobemi
2017 1155 2298 1238 cupidine
2333 1153 2468 1238 plu·

523 1287 596 1326 ra
632 1265 941 1326 Ecclesiae
983 1265 1256 1328 instituta
1276 1308 1298 1339 ,
1344 1265 1628 1327 vitiorum
1671 1265 1907 1327 nomine
1920 1307 1941 1338 ,
1980 1262 2238 1326 tollendi
2277 1261 2468 1344 magis

523 1371 841 1454 magisque.
914 1369 1424 1432 inflammarentur
1443 1413 1463 1444 ,
1547 1378 1610 1431 et
1669 1369 1868 1451 jura,
1924 1364 2078 1450 quae
2137 1365 2432 1453 baberent
2449 1413 2469 1442 ,

524 1476 813 1546 adversus
859 1475 1027 1535 varia
1090 1471 1526 1535 Germanorum
1585 1471 1906 1555 privilegia
1933 1466 2280 1534 ‘defendere
2323 1472 2470 1533 inci-
2589 1541 2600 1548 .

526 1588 759 1664 perent-
814 1579 1001 1658 ·Quid
1043 1599 1189 1662 ergo
1211 1621 1233 1652 ,
1284 1580 1347 1642 ‚si
1398 1577 1684 1652 nehem,
1723 1599 1824 1638 res
1878 1598 2064 1637 novas
2115 1577 2469 1660 molienteS,

526 1689 808 1750 continuo
860 1684 1116 1748 ulterius
1180 1682 1696 1765 progrederentur
1713 1725 1734 1756 ‚
1793 1703 1829 1741 a
1881 1681 2064 1742 rebus
2115 1682 2318 1764 Sacris
2363 1683 2471 1768 im-

526 1794 824 1856 mutandis
866 1792 947 1852 ad
990 1790 1283 1852 Politicas
1318 1796 1648 1872 pergerent
1662 1833 1684 1863 ,
1737 1790 1824 1850 ita
1867 1788 2088 1849 sensim
2124 1789 2246 1869 ipsi
2281 1789 2470 1870 Impe-

526 1901 717 1960 ratori
748 1895 1149 1958 obedientiam
1178 1901 1471 1976 negarent
1484 1939 1505 1969 ,
1549 1900 1614 1954 et
1645 1913 1852 1972 omnes
1883 1894 2126 1956 tandem
2159 1897 2470 1978 regiminis

526 2001 941 2064 Ecclesiastiei
974 2003 1038 2058 et
1072 1997 1316 2061 Politici
1346 1998 1614 2088 habenas
1645 1999 1994 2090 relaxarent
2009 2000 2040 2060 ‘2
2078 1999 2246 2060 Haec
2283 2001 2472 2082 igitur

526 2106 817 2190 cogitatio
853 2105 907 2165 si
938 2103 1196 2164 fortasse
1232 2123 1628 2166 smmum-uum
1659 2093 1928 2180 subire't,
1970 2105 2042 2164 ea
2083 2124 2322 2187 quoque
2364 2105 2471 2166 im-

526 2214 679 2297 pelli
710 2213 908 2295 potuit
922 2253 945 2286 ,
982 2218 1051 2270 ut
1086 2207 1389 2270 bominem
1422 2208 1832 2290 periculosum
1861 2231 1896 2270 e
1929 2208 2130 2273 medio
2169 2208 2472 2273 sublatum

526 2321 744 2396 vellet,
784 2325 967 2402 atque
998 2317 1083 2381 ita
1120 2315 1443 2389 Bobemiae
1478 2317 1788 2399 opinatum
1821 2317 2346 2401 perturbationum
2379 2317 2473 2380 ihi

526 2425 962 2487 concitatarum
1016 2429 1326 2484 auctorem
1372 2429 1436 2483 et
1484 2422 1878 2505 impulsorem
1941 2421 2254 2484 adimeret.
2343 2420 2472 2483 Sed

526 2532 701 2592 nimis
739 2549 959 2611 urgere
993 2527 1136 2590 nolo
1152 2571 1173 2603 ‚
1215 2526 1646 2608 Imperatorem
1690 2526 2031 2609 hujusmodi
2067 2527 2469 2591 incitamentis

524 2642 864 2720 permotum
891 2633 1079 2694 fuisse
1093 2676 1116 2707 ‚
1153 2638 1223 2693 ut
1251 2634 1317 2693 in
1347 2654 1516 2695 nussr
1554 2639 1812 2696 'mortem
1844 2655 1980 2695 cum
2015 2632 2292 2695 Concilio
2330 2655 2470 2697 con·

528 2740 827 2821 spiraret·
892 2738 950 2802 N
952 2758 1067 2813 am,
1106 2736 1194 2799 sic
1256 2738 1455 2818 ipsum
1513 2736 1851 2799 Concilium
1867 2784 1900 2814 ,-
1950 2738 2346 2801 Pontificibus
2405 2760 2472 2801 se

530 2864 839 2926 opponens
858 2886 881 2917 ,
938 2840 1122 2903 simul
1159 2849 1363 2903 re'rum
1402 2861 1693 2904 novarum
1711 2888 1732 2919 ‚
1773 2865 1924 2927 quas
1963 2850 2178 2908 contra
2213 2845 2471 2927 Rempu-

526 2949 751 3011 blicam
787 2948 1185 3011 meditaretur
1198 2990 1221 3027 ‚
1272 2954 1616 3029 suspectum
1649 2948 1875 3013 babere
1911 2951 2128 3033 potuit.
2185 2949 2472 3015 Attamen

528 3076 681 3139 quae
740 3056 958 3117 Patres
1015 3055 1508 3117 Constantienses
1525 3098 1545 3129 ‚
1619 3056 1867 3117 hortatu
1927 3057 2320 3141 imperatorio
2392 3054 2473 3116 ad

528 3161 715 3224 Sacra
764 3161 1133 3225 emendanda
1184 3162 1538 3244 congregati
1557 3204 1580 3235 ,
1618 3170 1684 3223 et
1714 3183 1931 3225 nussus
1947 3207 1969 3239 ,
2009 3184 2118 3224 suo
2147 3170 2342 3224 marte
2371 3182 2474 3222 eo·

530 3268 669 3330 dem
721 3269 1093 3331 contendens
1116 3310 1139 3341 ,
1208 3266 1614 3328 moliebantur
1635 3310 1656 3341 ,
1725 3289 1848 3348 non
1905 3273 2132 3329 temere
2188 3269 2350 3329 inter
2405 3287 2477 3329 se

529 3371 951 3433 confundenda
988 3379 1145 3433 sunt.
1218 3372 1371 3435 Cum
1409 3378 1724 3453 praeterea
1769 3372 2086 3453 Principes
2106 3416 2126 3447 ,
2183 3372 2288 3433 ubi
2330 3391 2432 3433 res
2451 3415 2472 3445 ‚

530 3498 707 3559 quam
740 3479 875 3560 quis
910 3483 1083 3561 agat,
1122 3477 1441 3560 imperium
1478 3476 1698 3539 leviter
1737 3478 1838 3539 vel
1872 3483 2122 3561 tangere
2157 3476 2436 3539 videatur
2451 3521 2472 3551 ‚

531 3582 999 3663 suspica-issimi
1050 3603 1183 3643 esse
1240 3582 1666 3644 consueverint
1689 3626 1712 3658 ‚
1753 3604 1805 3642 -a
1858 3581 2227 3665 proferenda
2281 3583 2472 3665 suspi-

530 3686 705 3747 cione
724 3729 744 3760 ,
784 3688 849 3746 in
892 3708 1073 3769 quam
1106 3706 1487 3750 smmumus
1503 3730 1524 3761 ‚
1562 3707 1790 3749 nussum
1823 3693 1888 3749 et
1919 3686 2242 3751 liberiores
2278 3684 2474 3755 Bobe-

512 3810 667 3851 -mos
709 3791 1021 3873 cogitans,
1075 3791 1257 3855 facile
1298 3790 1632 3868 incideret,
1677 3792 1980 3856 abstinere
2017 3791 2342 3875 nolui-(1).

561 4052 570 4067 2
605 4006 689 4077 (1.)
750 3962 847 4061 'Cf-
887 4003 1129 4061 universe
1181 4023 1255 4066 w.
1295 4023 1508 4079 anons,
1564 4006 1630 4064 de
1667 4006 1818 4063 Κεφ-19
1855 4026 1928 4063 en
1964 4006 2030 4065 de
2057 3958 2332 4085 ’Scantin
2362 3980 2477 4066 we-

531 4091 859 4169 daerogdeoloe
893 4092 1236 4168 beerekkn‘nq.
1316 4100 1374 4153 T.
1414 4100 1492 4159 Π.
1525 4116 1606 4169 p..
1639 4103 1764 4155 154.
1803 4116 1934 4183 sqq.3
2027 4144 2034 4149 .

2123 4188 2241 4298 ie*
