<?xml version="1.0" encoding="UTF-8"?>
<!DOCTYPE html PUBLIC "-//W3C//DTD XHTML 1.0 Transitional//EN"
    "http://www.w3.org/TR/xhtml1/DTD/xhtml1-transitional.dtd">
<html xmlns="http://www.w3.org/1999/xhtml" xml:lang="en" lang="en">
 <head>
  <title>
</title>
<meta http-equiv="Content-Type" content="text/html;charset=utf-8" />
  <meta name='ocr-system' content='tesseract 3.04.00' />
  <meta name='ocr-capabilities' content='ocr_page ocr_carea ocr_par ocr_line ocrx_word'/>
</head>
<body>
  <div class='ocr_page' id='page_1' title='image "./disputatiodehus00horsgoog_0127.png"; bbox 0 0 2976 4737; ppageno 0'>
   <div class='ocr_carea' id='block_1_1' title="bbox 1382 456 1532 535">
    <p class='ocr_par' dir='ltr' id='par_1_1' title="bbox 1382 456 1532 535">
     <span class='ocr_line' id='line_1_1' title="bbox 1382 456 1532 535; baseline -0.007 0"><span class='ocrx_word' id='word_1_1' title='bbox 1382 456 1532 535; x_wconf 81' lang='lat'><strong>103.</strong></span> 
     </span>
    </p>
   </div>
   <div class='ocr_carea' id='block_1_2' title="bbox 483 645 2432 1886">
    <p class='ocr_par' dir='ltr' id='par_1_2' title="bbox 484 645 2424 842">
     <span class='ocr_line' id='line_1_2' title="bbox 486 645 2424 736; baseline 0.002 -26"><span class='ocrx_word' id='word_1_2' title='bbox 486 645 907 729; x_wconf 84' lang='lat' dir='ltr'><strong>obtemperare</strong></span> <span class='ocrx_word' id='word_1_3' title='bbox 936 653 1003 708; x_wconf 88' lang='lat' dir='ltr'><strong>et</strong></span> <span class='ocrx_word' id='word_1_4' title='bbox 1028 663 1257 708; x_wconf 68' lang='lat' dir='ltr'><strong>nussum</strong></span> <span class='ocrx_word' id='word_1_5' title='bbox 1280 645 1603 724; x_wconf 83' lang='lat' dir='ltr'><strong>damnare,</strong></span> <span class='ocrx_word' id='word_1_6' title='bbox 1636 648 1702 708; x_wconf 89' lang='lat' dir='ltr'><strong>in</strong></span> <span class='ocrx_word' id='word_1_7' title='bbox 1730 647 1925 710; x_wconf 77' lang='lat' dir='ltr'><strong>officio</strong></span> <span class='ocrx_word' id='word_1_8' title='bbox 1937 689 1959 723; x_wconf 87' lang='lat'><strong>,</strong></span> <span class='ocrx_word' id='word_1_9' title='bbox 1999 647 2164 732; x_wconf 80' lang='lat' dir='ltr'><strong>quod</strong></span> <span class='ocrx_word' id='word_1_10' title='bbox 2183 649 2424 736; x_wconf 75' lang='lat' dir='ltr'><strong>Religio</strong></span> 
     </span>
     <span class='ocr_line' id='line_1_3' title="bbox 484 752 2387 842; baseline -0.001 -26"><span class='ocrx_word' id='word_1_11' title='bbox 484 754 830 839; x_wconf 73' lang='lat' dir='ltr'><strong>postularet</strong></span> <span class='ocrx_word' id='word_1_12' title='bbox 843 797 864 828; x_wconf 90' lang='lat'><strong>,</strong></span> <span class='ocrx_word' id='word_1_13' title='bbox 906 753 1025 814; x_wconf 80' lang='lat' dir='ltr'><strong>sibi</strong></span> <span class='ocrx_word' id='word_1_14' title='bbox 1060 773 1193 814; x_wconf 86' lang='lat' dir='ltr'><strong>esse</strong></span> <span class='ocrx_word' id='word_1_15' title='bbox 1230 752 1672 814; x_wconf 79' lang='lat' dir='ltr'><strong>existimabant.</strong></span> <span class='ocrx_word' id='word_1_16' title='bbox 2383 835 2387 842; x_wconf 93' lang='lat'><strong>.</strong></span> 
     </span>
    </p>

    <p class='ocr_par' dir='ltr' id='par_1_3' title="bbox 483 856 2432 1886">
     <span class='ocr_line' id='line_1_4' title="bbox 560 856 2425 942; baseline 0.001 -22"><span class='ocrx_word' id='word_1_17' title='bbox 560 857 990 942; x_wconf 73' lang='lat' dir='ltr'>sagacioribus</span> <span class='ocrx_word' id='word_1_18' title='bbox 1037 878 1183 919; x_wconf 82' lang='lat' dir='ltr'><strong>vero</strong></span> <span class='ocrx_word' id='word_1_19' title='bbox 1221 877 1343 919; x_wconf 87' lang='lat' dir='ltr'><strong>non</strong></span> <span class='ocrx_word' id='word_1_20' title='bbox 1377 858 1632 920; x_wconf 85' lang='lat' dir='ltr'><strong>latuisse</strong></span> <span class='ocrx_word' id='word_1_21' title='bbox 1680 856 1920 920; x_wconf 82' lang='lat' dir='ltr'><strong>videtur</strong></span> <span class='ocrx_word' id='word_1_22' title='bbox 1933 900 1956 933; x_wconf 88' lang='lat'>‚</span> <span class='ocrx_word' id='word_1_23' title='bbox 1993 877 2220 920; x_wconf 66' lang='lat' dir='ltr'><strong>nussum</strong></span> <span class='ocrx_word' id='word_1_24' title='bbox 2271 859 2425 922; x_wconf 81' lang='lat' dir='ltr'><strong>nihil</strong></span> 
     </span>
     <span class='ocr_line' id='line_1_5' title="bbox 488 963 2430 1048; baseline 0.001 -22"><span class='ocrx_word' id='word_1_25' title='bbox 488 963 775 1026; x_wconf 75' lang='lat' dir='ltr'><strong>docuisse</strong></span> <span class='ocrx_word' id='word_1_26' title='bbox 796 1009 817 1040; x_wconf 90' lang='lat'><strong>,</strong></span> <span class='ocrx_word' id='word_1_27' title='bbox 869 985 992 1048; x_wconf 84' lang='lat' dir='ltr'><strong>quo</strong></span> <span class='ocrx_word' id='word_1_28' title='bbox 1049 965 1264 1025; x_wconf 83' lang='lat' dir='ltr'><strong>mortis</strong></span> <span class='ocrx_word' id='word_1_29' title='bbox 1314 967 1510 1046; x_wconf 68' lang='lat' dir='ltr'><strong>poena</strong></span> <span class='ocrx_word' id='word_1_30' title='bbox 1565 963 1782 1047; x_wconf 81' lang='lat' dir='ltr'><strong>dignus</strong></span> <span class='ocrx_word' id='word_1_31' title='bbox 1841 969 2018 1026; x_wconf 87' lang='lat' dir='ltr'><strong>esset.</strong></span> <span class='ocrx_word' id='word_1_32' title='bbox 2095 963 2218 1026; x_wconf 88' lang='lat' dir='ltr'><strong>Sed</strong></span> <span class='ocrx_word' id='word_1_33' title='bbox 2265 967 2430 1028; x_wconf 90' lang='lat' dir='ltr'><strong>inter</strong></span> 
     </span>
     <span class='ocr_line' id='line_1_6' title="bbox 484 1069 2430 1154; baseline -0.001 -22"><span class='ocrx_word' id='word_1_34' title='bbox 484 1070 599 1133; x_wconf 81' lang='lat' dir='ltr'><strong>hos</strong></span> <span class='ocrx_word' id='word_1_35' title='bbox 634 1073 814 1132; x_wconf 84' lang='lat' dir='ltr'><strong>etiam</strong></span> <span class='ocrx_word' id='word_1_36' title='bbox 836 1071 1159 1132; x_wconf 86' lang='lat' dir='ltr'><strong>nonnullos</strong></span> <span class='ocrx_word' id='word_1_37' title='bbox 1194 1070 1380 1131; x_wconf 84' lang='lat' dir='ltr'><strong>fuisse</strong></span> <span class='ocrx_word' id='word_1_38' title='bbox 1412 1076 1597 1151; x_wconf 89' lang='lat' dir='ltr'><strong>puto,</strong></span> <span class='ocrx_word' id='word_1_39' title='bbox 1639 1070 1743 1151; x_wconf 84' lang='lat' dir='ltr'><strong>qui</strong></span> <span class='ocrx_word' id='word_1_40' title='bbox 1762 1113 1783 1142; x_wconf 89' lang='lat'><strong>,</strong></span> <span class='ocrx_word' id='word_1_41' title='bbox 1821 1069 2110 1152; x_wconf 78' lang='lat' dir='ltr'><strong>religioso</strong></span> <span class='ocrx_word' id='word_1_42' title='bbox 2143 1071 2296 1130; x_wconf 80' lang='lat' dir='ltr'><strong>alius</strong></span> <span class='ocrx_word' id='word_1_43' title='bbox 2324 1091 2430 1154; x_wconf 84' lang='lat' dir='ltr'><strong>ge-</strong></span> 
     </span>
     <span class='ocr_line' id='line_1_7' title="bbox 484 1173 2428 1258; baseline 0.001 -22"><span class='ocrx_word' id='word_1_44' title='bbox 484 1176 655 1236; x_wconf 83' lang='lat' dir='ltr'><strong>neris</strong></span> <span class='ocrx_word' id='word_1_45' title='bbox 703 1195 882 1237; x_wconf 86' lang='lat' dir='ltr'><strong>sensu</strong></span> <span class='ocrx_word' id='word_1_46' title='bbox 922 1175 1119 1248; x_wconf 87' lang='lat' dir='ltr'><strong>ducti,</strong></span> <span class='ocrx_word' id='word_1_47' title='bbox 1162 1174 1239 1234; x_wconf 90' lang='lat' dir='ltr'><strong>de</strong></span> <span class='ocrx_word' id='word_1_48' title='bbox 1278 1194 1446 1234; x_wconf 74' lang='lat' dir='ltr'><strong>nussr</strong></span> <span class='ocrx_word' id='word_1_49' title='bbox 1478 1173 1972 1236; x_wconf 77' lang='lat' dir='ltr'><strong>condemnatione</strong></span> <span class='ocrx_word' id='word_1_50' title='bbox 2006 1195 2142 1234; x_wconf 89' lang='lat' dir='ltr'><strong>cum</strong></span> <span class='ocrx_word' id='word_1_51' title='bbox 2173 1175 2428 1258; x_wconf 77' lang='lat' dir='ltr'><strong>reliquis</strong></span> 
     </span>
     <span class='ocr_line' id='line_1_8' title="bbox 486 1279 2428 1362; baseline -0.001 -20"><span class='ocrx_word' id='word_1_52' title='bbox 486 1282 931 1356; x_wconf 86' lang='lat' dir='ltr'><strong>consentirent,</strong></span> <span class='ocrx_word' id='word_1_53' title='bbox 1001 1280 1102 1342; x_wconf 82' lang='lat' dir='ltr'><strong>vel</strong></span> <span class='ocrx_word' id='word_1_54' title='bbox 1164 1279 1531 1341; x_wconf 85' lang='lat' dir='ltr'><strong>absolutioni</strong></span> <span class='ocrx_word' id='word_1_55' title='bbox 1593 1279 1810 1340; x_wconf 85' lang='lat' dir='ltr'><strong>saltem</strong></span> <span class='ocrx_word' id='word_1_56' title='bbox 1879 1299 1944 1339; x_wconf 87' lang='lat' dir='ltr'><strong>se</strong></span> <span class='ocrx_word' id='word_1_57' title='bbox 2011 1287 2387 1362; x_wconf 86' lang='lat' dir='ltr'><strong>opponerent</strong></span> <span class='ocrx_word' id='word_1_58' title='bbox 2405 1323 2428 1355; x_wconf 92' lang='lat'><strong>,</strong></span> 
     </span>
     <span class='ocr_line' id='line_1_9' title="bbox 486 1383 2430 1466; baseline 0.001 -23"><span class='ocrx_word' id='word_1_59' title='bbox 486 1385 711 1466; x_wconf 78' lang='lat' dir='ltr'><strong>quippe</strong></span> <span class='ocrx_word' id='word_1_60' title='bbox 740 1385 1052 1460; x_wconf 86' lang='lat' dir='ltr'><strong>timentes,</strong></span> <span class='ocrx_word' id='word_1_61' title='bbox 1093 1405 1171 1446; x_wconf 87' lang='lat' dir='ltr'><strong>ne</strong></span> <span class='ocrx_word' id='word_1_62' title='bbox 1197 1385 1337 1445; x_wconf 89' lang='lat' dir='ltr'><strong>inde</strong></span> <span class='ocrx_word' id='word_1_63' title='bbox 1370 1390 1754 1446; x_wconf 86' lang='lat' dir='ltr'><strong>sacrosancta</strong></span> <span class='ocrx_word' id='word_1_64' title='bbox 1792 1383 2064 1444; x_wconf 77' lang='lat' dir='ltr'><strong>Ecclesia</strong></span> <span class='ocrx_word' id='word_1_65' title='bbox 2102 1385 2268 1446; x_wconf 86' lang='lat' dir='ltr'><strong>vario</strong></span> <span class='ocrx_word' id='word_1_66' title='bbox 2303 1403 2430 1445; x_wconf 84' lang='lat' dir='ltr'><strong>mo·-</strong></span> 
     </span>
     <span class='ocr_line' id='line_1_10' title="bbox 485 1488 2432 1573; baseline 0.001 -25"><span class='ocrx_word' id='word_1_67' title='bbox 485 1488 567 1548; x_wconf 88' lang='lat' dir='ltr'><strong>do</strong></span> <span class='ocrx_word' id='word_1_68' title='bbox 597 1489 826 1572; x_wconf 85' lang='lat' dir='ltr'><strong>aliquid</strong></span> <span class='ocrx_word' id='word_1_69' title='bbox 862 1490 1208 1552; x_wconf 82' lang='lat' dir='ltr'><strong>detrimenti</strong></span> <span class='ocrx_word' id='word_1_70' title='bbox 1244 1497 1508 1573; x_wconf 85' lang='lat' dir='ltr'><strong>caperet.</strong></span> <span class='ocrx_word' id='word_1_71' title='bbox 1587 1490 1679 1549; x_wconf 86' lang='lat' dir='ltr'><strong>lta</strong></span> <span class='ocrx_word' id='word_1_72' title='bbox 1719 1509 1865 1550; x_wconf 86' lang='lat' dir='ltr'><strong>vero</strong></span> <span class='ocrx_word' id='word_1_73' title='bbox 1895 1510 2141 1565; x_wconf 82' lang='lat' dir='ltr'><strong>causae,</strong></span> <span class='ocrx_word' id='word_1_74' title='bbox 2187 1512 2224 1550; x_wconf 88' lang='lat' dir='ltr'><strong>a</strong></span> <span class='ocrx_word' id='word_1_75' title='bbox 2263 1491 2432 1552; x_wconf 85' lang='lat' dir='ltr'><strong>Reli-</strong></span> 
     </span>
     <span class='ocr_line' id='line_1_11' title="bbox 483 1593 2431 1678; baseline 0.003 -24"><span class='ocrx_word' id='word_1_76' title='bbox 483 1593 663 1676; x_wconf 75' lang='lat' dir='ltr'><strong>gione</strong></span> <span class='ocrx_word' id='word_1_77' title='bbox 700 1593 1029 1670; x_wconf 85' lang='lat' dir='ltr'><strong>deductae,</strong></span> <span class='ocrx_word' id='word_1_78' title='bbox 1077 1595 1296 1678; x_wconf 82' lang='lat' dir='ltr'><strong>quibus</strong></span> <span class='ocrx_word' id='word_1_79' title='bbox 1342 1594 1619 1677; x_wconf 82' lang='lat' dir='ltr'><strong>instigati</strong></span> <span class='ocrx_word' id='word_1_80' title='bbox 1671 1599 1846 1668; x_wconf 87' lang='lat' dir='ltr'><strong>sunt,</strong></span> <span class='ocrx_word' id='word_1_81' title='bbox 1884 1614 2021 1654; x_wconf 85' lang='lat' dir='ltr'><strong>cum</strong></span> <span class='ocrx_word' id='word_1_82' title='bbox 2051 1597 2247 1656; x_wconf 85' lang='lat' dir='ltr'><strong>causis</strong></span> <span class='ocrx_word' id='word_1_83' title='bbox 2281 1596 2431 1659; x_wconf 85' lang='lat' dir='ltr'><strong>alio-</strong></span> 
     </span>
     <span class='ocr_line' id='line_1_12' title="bbox 483 1696 2430 1782; baseline 0.002 -26"><span class='ocrx_word' id='word_1_84' title='bbox 483 1716 618 1757; x_wconf 85' lang='lat' dir='ltr'><strong>rum</strong></span> <span class='ocrx_word' id='word_1_85' title='bbox 636 1697 919 1759; x_wconf 84' lang='lat' dir='ltr'><strong>Politicis</strong></span> <span class='ocrx_word' id='word_1_86' title='bbox 936 1743 956 1773; x_wconf 90' lang='lat'><strong>,</strong></span> <span class='ocrx_word' id='word_1_87' title='bbox 990 1698 1067 1758; x_wconf 92' lang='lat' dir='ltr'><strong>de</strong></span> <span class='ocrx_word' id='word_1_88' title='bbox 1102 1699 1317 1782; x_wconf 81' lang='lat' dir='ltr'><strong>quibus</strong></span> <span class='ocrx_word' id='word_1_89' title='bbox 1336 1696 1377 1779; x_wconf 69' lang='grc' dir='ltr'>ἓ</span> <span class='ocrx_word' id='word_1_90' title='bbox 1400 1699 1435 1758; x_wconf 87' lang='grc'>1</span> <span class='ocrx_word' id='word_1_91' title='bbox 1475 1699 1738 1758; x_wconf 78' lang='lat' dir='ltr'><strong>diximus</strong></span> <span class='ocrx_word' id='word_1_92' title='bbox 1757 1742 1777 1772; x_wconf 90' lang='lat'><strong>,</strong></span> <span class='ocrx_word' id='word_1_93' title='bbox 1805 1697 1957 1758; x_wconf 77' lang='lat' dir='ltr'><strong>adeo</strong></span> <span class='ocrx_word' id='word_1_94' title='bbox 1977 1699 2430 1777; x_wconf 86' lang='lat' dir='ltr'><strong>coalescebant,</strong></span> 
     </span>
     <span class='ocr_line' id='line_1_13' title="bbox 485 1800 2290 1886; baseline 0.002 -25"><span class='ocrx_word' id='word_1_95' title='bbox 485 1809 555 1862; x_wconf 88' lang='lat' dir='ltr'><strong>ut</strong></span> <span class='ocrx_word' id='word_1_96' title='bbox 587 1800 666 1864; x_wconf 89' lang='lat' dir='ltr'><strong>de</strong></span> <span class='ocrx_word' id='word_1_97' title='bbox 704 1803 831 1865; x_wconf 81' lang='lat' dir='ltr'><strong>illis</strong></span> <span class='ocrx_word' id='word_1_98' title='bbox 872 1804 1176 1886; x_wconf 82' lang='lat' dir='ltr'><strong>copiosius</strong></span> <span class='ocrx_word' id='word_1_99' title='bbox 1216 1823 1523 1886; x_wconf 84' lang='lat' dir='ltr'><strong>exponere</strong></span> <span class='ocrx_word' id='word_1_100' title='bbox 1563 1823 2074 1884; x_wconf 82' lang='lat' dir='ltr'><strong>supervacaneum</strong></span> <span class='ocrx_word' id='word_1_101' title='bbox 2111 1810 2290 1866; x_wconf 80' lang='lat' dir='ltr'><strong>esset.</strong></span> 
     </span>
    </p>
   </div>
   <div class='ocr_carea' id='block_1_3' title="bbox 1362 1959 1549 2060">
    <p class='ocr_par' dir='ltr' id='par_1_4' title="bbox 1362 1959 1549 2060">
     <span class='ocr_line' id='line_1_14' title="bbox 1362 1959 1549 2060; baseline 0 -26"><span class='ocrx_word' id='word_1_102' title='bbox 1362 1959 1424 2060; x_wconf 61' lang='grc' dir='ltr'><strong>ς.</strong></span> <span class='ocrx_word' id='word_1_103' title='bbox 1480 1960 1549 2035; x_wconf 85' lang='grc'><strong>4.</strong></span> 
     </span>
    </p>
   </div>
   <div class='ocr_carea' id='block_1_4' title="bbox 494 2121 2435 2481">
    <p class='ocr_par' dir='ltr' id='par_1_5' title="bbox 494 2121 2435 2481">
     <span class='ocr_line' id='line_1_15' title="bbox 494 2121 2435 2225; baseline 0.001 -27"><span class='ocrx_word' id='word_1_104' title='bbox 494 2126 794 2198; x_wconf 74' lang='lat' dir='ltr'><strong>Causae</strong></span> <span class='ocrx_word' id='word_1_105' title='bbox 858 2121 1041 2198; x_wconf 75' lang='lat' dir='ltr'><strong>inde</strong></span> <span class='ocrx_word' id='word_1_106' title='bbox 1090 2135 1315 2200; x_wconf 79' lang='lat' dir='ltr'><strong>ortae</strong></span> <span class='ocrx_word' id='word_1_107' title='bbox 1335 2177 1355 2210; x_wconf 89' lang='lat'><em>,</em></span> <span class='ocrx_word' id='word_1_108' title='bbox 1423 2124 1635 2225; x_wconf 80' lang='lat' dir='ltr'><strong>quod</strong></span> <span class='ocrx_word' id='word_1_109' title='bbox 1682 2125 2110 2200; x_wconf 72' lang='lat' dir='ltr'><strong>Concilium</strong></span> <span class='ocrx_word' id='word_1_110' title='bbox 2151 2124 2435 2200; x_wconf 64' lang='lat' dir='ltr'><strong>Patro·-</strong></span> 
     </span>
     <span class='ocr_line' id='line_1_16' title="bbox 697 2249 2227 2352; baseline 0.002 -29"><span class='ocrx_word' id='word_1_111' title='bbox 697 2249 841 2327; x_wconf 72' lang='lat' dir='ltr'><strong>bue</strong></span> <span class='ocrx_word' id='word_1_112' title='bbox 904 2257 1274 2327; x_wconf 54' lang='lat' dir='ltr'><strong>constant</strong></span> <span class='ocrx_word' id='word_1_113' title='bbox 1294 2305 1314 2338; x_wconf 89' lang='lat'><em>,</em></span> <span class='ocrx_word' id='word_1_114' title='bbox 1387 2254 1502 2327; x_wconf 79' lang='lat' dir='ltr'><strong>ad</strong></span> <span class='ocrx_word' id='word_1_115' title='bbox 1565 2258 1838 2328; x_wconf 67' lang='lat' dir='ltr'><strong>varios</strong></span> <span class='ocrx_word' id='word_1_116' title='bbox 1895 2251 2227 2352; x_wconf 72' lang='lat' dir='ltr'><strong>populos</strong></span> 
     </span>
     <span class='ocr_line' id='line_1_17' title="bbox 1140 2372 1757 2481; baseline 0 -26"><span class='ocrx_word' id='word_1_117' title='bbox 1140 2372 1757 2481; x_wconf 74' lang='lat' dir='ltr'><strong>pertinen&#39;tibus.</strong></span> 
     </span>
    </p>
   </div>
   <div class='ocr_carea' id='block_1_5' title="bbox 486 2652 2436 3977">
    <p class='ocr_par' dir='ltr' id='par_1_6' title="bbox 486 2652 2436 3977">
     <span class='ocr_line' id='line_1_18' title="bbox 564 2652 2432 2739; baseline 0.003 -26"><span class='ocrx_word' id='word_1_118' title='bbox 564 2652 743 2716; x_wconf 81' lang='lat' dir='ltr'><strong>Alius</strong></span> <span class='ocrx_word' id='word_1_119' title='bbox 792 2655 1033 2739; x_wconf 82' lang='lat' dir='ltr'><strong>generis</strong></span> <span class='ocrx_word' id='word_1_120' title='bbox 1082 2654 1251 2716; x_wconf 79' lang='lat' dir='ltr'><strong>fuere</strong></span> <span class='ocrx_word' id='word_1_121' title='bbox 1290 2674 1508 2718; x_wconf 85' lang='lat' dir='ltr'><strong>causae</strong></span> <span class='ocrx_word' id='word_1_122' title='bbox 1525 2699 1546 2731; x_wconf 83' lang='grc'>,</span> <span class='ocrx_word' id='word_1_123' title='bbox 1586 2654 1726 2716; x_wconf 88' lang='lat' dir='ltr'><strong>inde</strong></span> <span class='ocrx_word' id='word_1_124' title='bbox 1755 2660 1928 2717; x_wconf 84' lang='lat' dir='ltr'><strong>ortae</strong></span> <span class='ocrx_word' id='word_1_125' title='bbox 1943 2698 1964 2731; x_wconf 91' lang='lat'>‚</span> <span class='ocrx_word' id='word_1_126' title='bbox 2001 2654 2166 2738; x_wconf 81' lang='lat' dir='ltr'><strong>quod</strong></span> <span class='ocrx_word' id='word_1_127' title='bbox 2207 2654 2432 2718; x_wconf 73' lang='lat' dir='ltr'><strong>Conci-</strong></span> 
     </span>
     <span class='ocr_line' id='line_1_19' title="bbox 488 2758 2432 2842; baseline 0.002 -21"><span class='ocrx_word' id='word_1_128' title='bbox 488 2758 649 2821; x_wconf 78' lang='lat' dir='ltr'><strong>lium</strong></span> <span class='ocrx_word' id='word_1_129' title='bbox 696 2760 1003 2823; x_wconf 67' lang='lat' dir='ltr'><strong>Patribus</strong></span> <span class='ocrx_word' id='word_1_130' title='bbox 1046 2766 1357 2840; x_wconf 74' lang='lat' dir='ltr'><strong>constitit,</strong></span> <span class='ocrx_word' id='word_1_131' title='bbox 1394 2763 1485 2823; x_wconf 83' lang='lat' dir='ltr'><strong>ad</strong></span> <span class='ocrx_word' id='word_1_132' title='bbox 1533 2766 1742 2824; x_wconf 74' lang='lat' dir='ltr'><strong>varios</strong></span> <span class='ocrx_word' id='word_1_133' title='bbox 1792 2762 2061 2841; x_wconf 78' lang='lat' dir='ltr'><strong>populos</strong></span> <span class='ocrx_word' id='word_1_134' title='bbox 2113 2766 2432 2842; x_wconf 75' lang='lat' dir='ltr'><strong>pertinen·</strong></span> 
     </span>
     <span class='ocr_line' id='line_1_20' title="bbox 488 2866 2430 2943; baseline 0 -16"><span class='ocrx_word' id='word_1_135' title='bbox 488 2867 673 2929; x_wconf 68' lang='lat' dir='ltr'><strong>tibus.</strong></span> <span class='ocrx_word' id='word_1_136' title='bbox 748 2866 999 2929; x_wconf 85' lang='lat' dir='ltr'><strong>Scilicet</strong></span> <span class='ocrx_word' id='word_1_137' title='bbox 1046 2869 1150 2929; x_wconf 81' lang='lat' dir='ltr'><strong>vix</strong></span> <span class='ocrx_word' id='word_1_138' title='bbox 1198 2874 1604 2930; x_wconf 79' lang='lat' dir='ltr'><strong>convenerant</strong></span> <span class='ocrx_word' id='word_1_139' title='bbox 1634 2867 1852 2927; x_wconf 86' lang='lat' dir='ltr'><strong>Patres</strong></span> <span class='ocrx_word' id='word_1_140' title='bbox 1900 2866 2393 2929; x_wconf 86' lang='lat' dir='ltr'><strong>Constantienses</strong></span> <span class='ocrx_word' id='word_1_141' title='bbox 2407 2912 2430 2943; x_wconf 86' lang='lat'><strong>,</strong></span> 
     </span>
     <span class='ocr_line' id='line_1_21' title="bbox 487 2971 2434 3055; baseline 0 -22"><span class='ocrx_word' id='word_1_142' title='bbox 487 2992 625 3033; x_wconf 85' lang='lat' dir='ltr'><strong>cum</strong></span> <span class='ocrx_word' id='word_1_143' title='bbox 669 2978 1002 3034; x_wconf 81' lang='lat' dir='ltr'><strong>statuerent</strong></span> <span class='ocrx_word' id='word_1_144' title='bbox 1043 2972 1119 3033; x_wconf 90' lang='lat' dir='ltr'><strong>de</strong></span> <span class='ocrx_word' id='word_1_145' title='bbox 1170 2972 1471 3055; x_wconf 75' lang='lat' dir='ltr'><strong>suffragiis</strong></span> <span class='ocrx_word' id='word_1_146' title='bbox 1514 2971 1800 3033; x_wconf 85' lang='lat' dir='ltr'><strong>ferendis.</strong></span> <span class='ocrx_word' id='word_1_147' title='bbox 1875 2973 2025 3034; x_wconf 85' lang='lat' dir='ltr'><strong>Rem</strong></span> <span class='ocrx_word' id='word_1_148' title='bbox 2069 2980 2269 3035; x_wconf 88' lang='lat' dir='ltr'><strong>autem</strong></span> <span class='ocrx_word' id='word_1_149' title='bbox 2308 2994 2434 3034; x_wconf 86' lang='lat' dir='ltr'><strong>non</strong></span> 
     </span>
     <span class='ocr_line' id='line_1_22' title="bbox 486 3076 2436 3161; baseline 0.001 -22"><span class='ocrx_word' id='word_1_150' title='bbox 486 3097 599 3159; x_wconf 87' lang='lat' dir='ltr'><strong>per</strong></span> <span class='ocrx_word' id='word_1_151' title='bbox 644 3079 844 3159; x_wconf 86' lang='lat' dir='ltr'><strong>capita</strong></span> <span class='ocrx_word' id='word_1_152' title='bbox 894 3098 1075 3159; x_wconf 85' lang='lat' dir='ltr'><strong>agere</strong></span> <span class='ocrx_word' id='word_1_153' title='bbox 1128 3078 1362 3159; x_wconf 84' lang='lat' dir='ltr'><strong>placuit</strong></span> <span class='ocrx_word' id='word_1_154' title='bbox 1378 3120 1399 3151; x_wconf 85' lang='lat'><strong>,</strong></span> <span class='ocrx_word' id='word_1_155' title='bbox 1456 3076 1567 3137; x_wconf 85' lang='lat' dir='ltr'><strong>sed</strong></span> <span class='ocrx_word' id='word_1_156' title='bbox 1613 3098 1724 3159; x_wconf 81' lang='lat' dir='ltr'><strong>per</strong></span> <span class='ocrx_word' id='word_1_157' title='bbox 1767 3078 2029 3160; x_wconf 87' lang='lat' dir='ltr'><strong>populos</strong></span> <span class='ocrx_word' id='word_1_158' title='bbox 2066 3077 2178 3161; x_wconf 86' lang='lat'><strong>(1).</strong></span> <span class='ocrx_word' id='word_1_159' title='bbox 2256 3078 2436 3140; x_wconf 86' lang='lat' dir='ltr'><strong>Unde</strong></span> 
     </span>
     <span class='ocr_line' id='line_1_23' title="bbox 490 3180 2432 3265; baseline 0.002 -24"><span class='ocrx_word' id='word_1_160' title='bbox 490 3180 704 3243; x_wconf 84' lang='lat' dir='ltr'><strong>divisio</strong></span> <span class='ocrx_word' id='word_1_161' title='bbox 740 3182 976 3243; x_wconf 81' lang='lat' dir='ltr'><strong>exstitit</strong></span> <span class='ocrx_word' id='word_1_162' title='bbox 994 3181 1437 3265; x_wconf 80' lang='lat' dir='ltr'><strong>quadripartita</strong></span> <span class='ocrx_word' id='word_1_163' title='bbox 1455 3224 1476 3255; x_wconf 89' lang='lat'><strong>,</strong></span> <span class='ocrx_word' id='word_1_164' title='bbox 1504 3180 1858 3259; x_wconf 72' lang='lat' dir='ltr'><strong>Anqlorum</strong></span> <span class='ocrx_word' id='word_1_165' title='bbox 1879 3202 2124 3264; x_wconf 82' lang='lat' dir='ltr'><strong>nempe,</strong></span> <span class='ocrx_word' id='word_1_166' title='bbox 2147 3180 2432 3244; x_wconf 79' lang='lat' dir='ltr'><strong>Franco·</strong></span> 
     </span>
     <span class='ocr_line' id='line_1_24' title="bbox 494 3284 2433 3368; baseline -0.001 -19"><span class='ocrx_word' id='word_1_167' title='bbox 494 3284 869 3365; x_wconf 72' lang='lat' dir='ltr'><strong>Gallorum,</strong></span> <span class='ocrx_word' id='word_1_168' title='bbox 917 3285 1380 3349; x_wconf 76' lang='lat' dir='ltr'><strong>Germanorum</strong></span> <span class='ocrx_word' id='word_1_169' title='bbox 1422 3292 1487 3346; x_wconf 89' lang='lat' dir='ltr'><strong>et</strong></span> <span class='ocrx_word' id='word_1_170' title='bbox 1524 3284 1830 3349; x_wconf 74' lang='lat' dir='ltr'><strong>Italorum</strong></span> <span class='ocrx_word' id='word_1_171' title='bbox 1847 3304 1877 3366; x_wconf 78' lang='lat'><strong>,⁶</strong></span> <span class='ocrx_word' id='word_1_172' title='bbox 1915 3306 2169 3368; x_wconf 80' lang='lat' dir='ltr'><strong>quorum</strong></span> <span class='ocrx_word' id='word_1_173' title='bbox 2208 3288 2433 3368; x_wconf 80' lang='lat' dir='ltr'><strong>quique</strong></span> 
     </span>
     <span class='ocr_line' id='line_1_25' title="bbox 489 3389 2432 3477; baseline -0.001 -23"><span class='ocrx_word' id='word_1_174' title='bbox 489 3393 827 3477; x_wconf 78' lang='lat' dir='ltr'><strong>singulares</strong></span> <span class='ocrx_word' id='word_1_175' title='bbox 881 3390 1013 3453; x_wconf 82' lang='lat' dir='ltr'><strong>fere</strong></span> <span class='ocrx_word' id='word_1_176' title='bbox 1056 3412 1268 3452; x_wconf 84' lang='lat' dir='ltr'><strong>causas</strong></span> <span class='ocrx_word' id='word_1_177' title='bbox 1316 3389 1656 3451; x_wconf 78' lang='lat' dir='ltr'><strong>hahuerunt</strong></span> <span class='ocrx_word' id='word_1_178' title='bbox 1670 3434 1692 3466; x_wconf 89' lang='lat'><strong>,</strong></span> <span class='ocrx_word' id='word_1_179' title='bbox 1743 3412 1856 3451; x_wconf 89' lang='lat' dir='ltr'><strong>cur</strong></span> <span class='ocrx_word' id='word_1_180' title='bbox 1901 3409 2132 3450; x_wconf 68' lang='lat' dir='ltr'><strong>nussum</strong></span> <span class='ocrx_word' id='word_1_181' title='bbox 2175 3389 2432 3452; x_wconf 84' lang='lat' dir='ltr'><strong>moleste</strong></span> 
     </span>
     <span class='ocr_line' id='line_1_26' title="bbox 488 3493 2432 3579; baseline -0.001 -20"><span class='ocrx_word' id='word_1_182' title='bbox 488 3503 841 3579; x_wconf 72' lang='lat' dir='ltr'><strong>paterentur</strong></span> <span class='ocrx_word' id='word_1_183' title='bbox 864 3539 885 3570; x_wconf 85' lang='lat'><strong>,</strong></span> <span class='ocrx_word' id='word_1_184' title='bbox 928 3501 1109 3577; x_wconf 80' lang='lat' dir='ltr'><strong>atque</strong></span> <span class='ocrx_word' id='word_1_185' title='bbox 1150 3494 1239 3556; x_wconf 85' lang='lat' dir='ltr'><strong>sic</strong></span> <span class='ocrx_word' id='word_1_186' title='bbox 1282 3493 1361 3553; x_wconf 85' lang='lat' dir='ltr'><strong>ad</strong></span> <span class='ocrx_word' id='word_1_187' title='bbox 1394 3515 1532 3555; x_wconf 86' lang='lat' dir='ltr'><strong>eum</strong></span> <span class='ocrx_word' id='word_1_188' title='bbox 1564 3493 1962 3556; x_wconf 78' lang='lat' dir='ltr'><strong>damnandum</strong></span> <span class='ocrx_word' id='word_1_189' title='bbox 1999 3494 2432 3576; x_wconf 79' lang='lat' dir='ltr'><strong>propensiores</strong></span> 
     </span>
     <span class='ocr_line' id='line_1_27' title="bbox 490 3598 2434 3683; baseline -0.001 -20"><span class='ocrx_word' id='word_1_190' title='bbox 490 3609 710 3663; x_wconf 84' lang='lat' dir='ltr'><strong>essent.</strong></span> <span class='ocrx_word' id='word_1_191' title='bbox 784 3601 911 3661; x_wconf 85' lang='lat' dir='ltr'><strong>Has</strong></span> <span class='ocrx_word' id='word_1_192' title='bbox 954 3599 1145 3683; x_wconf 74' lang='lat' dir='ltr'><strong>igitur</strong></span> <span class='ocrx_word' id='word_1_193' title='bbox 1208 3620 1420 3661; x_wconf 84' lang='lat' dir='ltr'><strong>causas</strong></span> <span class='ocrx_word' id='word_1_194' title='bbox 1480 3621 1598 3682; x_wconf 88' lang='lat' dir='ltr'><strong>pro</strong></span> <span class='ocrx_word' id='word_1_195' title='bbox 1653 3598 1912 3683; x_wconf 78' lang='lat' dir='ltr'><strong>singulis</strong></span> <span class='ocrx_word' id='word_1_196' title='bbox 1928 3644 1949 3676; x_wconf 88' lang='lat'><strong>,</strong></span> <span class='ocrx_word' id='word_1_197' title='bbox 2009 3621 2160 3682; x_wconf 86' lang='lat' dir='ltr'><strong>quos</strong></span> <span class='ocrx_word' id='word_1_198' title='bbox 2224 3599 2434 3682; x_wconf 56' lang='lat' dir='ltr'><strong>appel-2</strong></span> 
     </span>
     <span class='ocr_line' id='line_1_28' title="bbox 488 3704 2431 3788; baseline 0.001 -23"><span class='ocrx_word' id='word_1_199' title='bbox 488 3704 747 3767; x_wconf 81' lang='lat' dir='ltr'><strong>lavimus</strong></span> <span class='ocrx_word' id='word_1_200' title='bbox 780 3748 801 3781; x_wconf 89' lang='lat'><strong>,</strong></span> <span class='ocrx_word' id='word_1_201' title='bbox 872 3704 1117 3788; x_wconf 82' lang='lat' dir='ltr'><strong>populis</strong></span> <span class='ocrx_word' id='word_1_202' title='bbox 1169 3725 1638 3783; x_wconf 77' lang='lat' dir='ltr'><strong>recenseamus3</strong></span> <span class='ocrx_word' id='word_1_203' title='bbox 1691 3706 1891 3767; x_wconf 82' lang='lat' dir='ltr'><strong>missis</strong></span> <span class='ocrx_word' id='word_1_204' title='bbox 1941 3711 2142 3765; x_wconf 82' lang='lat' dir='ltr'><strong>tamen</strong></span> <span class='ocrx_word' id='word_1_205' title='bbox 2196 3704 2385 3768; x_wconf 72' lang='lat' dir='ltr'><strong>Italis</strong></span> <span class='ocrx_word' id='word_1_206' title='bbox 2407 3749 2431 3781; x_wconf 89' lang='lat'>,</span> 
     </span>
     <span class='ocr_line' id='line_1_29' title="bbox 490 3809 2432 3895; baseline 0.001 -24"><span class='ocrx_word' id='word_1_207' title='bbox 490 3816 701 3892; x_wconf 78' lang='lat' dir='ltr'><strong>utpote</strong></span> <span class='ocrx_word' id='word_1_208' title='bbox 752 3810 831 3872; x_wconf 86' lang='lat' dir='ltr'><strong>de</strong></span> <span class='ocrx_word' id='word_1_209' title='bbox 878 3810 1099 3895; x_wconf 76' lang='lat' dir='ltr'><strong>quihus</strong></span> <span class='ocrx_word' id='word_1_210' title='bbox 1151 3810 1219 3875; x_wconf 81' lang='lat' dir='ltr'><strong>in</strong></span> <span class='ocrx_word' id='word_1_211' title='bbox 1265 3809 1383 3879; x_wconf 69' lang='lat' dir='ltr'><strong>huo</strong></span> <span class='ocrx_word' id='word_1_212' title='bbox 1432 3830 1504 3876; x_wconf 81' lang='lat' dir='ltr'><strong>re</strong></span> <span class='ocrx_word' id='word_1_213' title='bbox 1553 3809 1706 3875; x_wconf 81' lang='lat' dir='ltr'><strong>nihil</strong></span> <span class='ocrx_word' id='word_1_214' title='bbox 1739 3809 2052 3895; x_wconf 80' lang='lat' dir='ltr'><strong>peculiare</strong></span> <span class='ocrx_word' id='word_1_215' title='bbox 2088 3809 2216 3875; x_wconf 82' lang='lat' dir='ltr'><strong>dici</strong></span> <span class='ocrx_word' id='word_1_216' title='bbox 2248 3830 2432 3895; x_wconf 80' lang='lat' dir='ltr'><strong>posse</strong></span> 
     </span>
     <span class='ocr_line' id='line_1_30' title="bbox 490 3914 786 3977; baseline 0.007 -2"><span class='ocrx_word' id='word_1_217' title='bbox 490 3914 786 3977; x_wconf 80' lang='lat' dir='ltr'><strong>videatur.</strong></span> 
     </span>
    </p>
   </div>
   <div class='ocr_carea' id='block_1_6' title="bbox 491 4030 786 4047">
    <p class='ocr_par' dir='ltr' id='par_1_7' title="bbox 491 4030 786 4047">
     <span class='ocr_line' id='line_1_31' title="bbox 491 4030 786 4047; baseline 0 0"><span class='ocrx_word' id='word_1_218' title='bbox 491 4030 786 4047; x_wconf 95' lang='lat' dir='ltr'><strong> </strong></span> 
     </span>
    </p>
   </div>
   <div class='ocr_carea' id='block_1_7' title="bbox 570 3992 2426 4168">
    <p class='ocr_par' dir='ltr' id='par_1_8' title="bbox 570 3992 2426 4168">
     <span class='ocr_line' id='line_1_32' title="bbox 2268 3992 2426 4077; baseline 0.006 -21"><span class='ocrx_word' id='word_1_219' title='bbox 2268 3992 2330 4077; x_wconf 73' lang='lat'><strong>§-</strong></span> <span class='ocrx_word' id='word_1_220' title='bbox 2365 3993 2426 4057; x_wconf 82' lang='lat'><strong>5.</strong></span> 
     </span>
     <span class='ocr_line' id='line_1_33' title="bbox 570 4090 1034 4168; baseline 0.009 -22"><span class='ocrx_word' id='word_1_221' title='bbox 570 4090 653 4165; x_wconf 85' lang='lat'><strong>(1)</strong></span> <span class='ocrx_word' id='word_1_222' title='bbox 726 4110 781 4149; x_wconf 75' lang='lat' dir='ltr'><strong>v.</strong></span> <span class='ocrx_word' id='word_1_223' title='bbox 822 4107 865 4149; x_wconf 77' lang='lat' dir='ltr'><strong>s.</strong></span> <span class='ocrx_word' id='word_1_224' title='bbox 897 4112 959 4168; x_wconf 73' lang='lat' dir='ltr'><strong>p.</strong></span> <span class='ocrx_word' id='word_1_225' title='bbox 982 4108 1034 4160; x_wconf 88' lang='lat'><strong>9.</strong></span> 
     </span>
    </p>
   </div>
  </div>
 </body>
</html>
