2976 4737
1496 403 1549 476 6

555 591 938 654 substituitur
973 589 1084 674 (1).
1157 589 1248 654 At
1287 609 1422 652 cum
1467 607 1827 652 nmmo-rus
1864 595 1928 650 et
1964 607 2295 650 cancoams
2330 588 2488 650 Con·

553 699 682 760 eilii
733 699 1150 760 auctoritatem
1205 717 1535 782 agnoscere
1596 701 1945 758 recusarent
1969 738 1990 770 ,
2042 695 2315 757 Ecclesia
2370 696 2489 758 huc

550 801 800 866 redacta
853 809 950 864 est
963 846 984 877 ,
1046 808 1119 863 ut
1161 801 1240 863 de
1297 823 1364 864 sc
1429 807 1793 862 testaretur:
1843 802 2044 862 bivira
2080 802 2331 880 fueram
2348 822 2377 880 ,-
2428 807 2493 864 et

551 910 835 969 trins‘mm
886 925 986 968 me
1022 909 1310 990 fecerunt
1353 905 1466 988 (2).
1546 906 1900 990 Quanquam
1932 907 2091 968 enim
2120 907 2317 988 major
2356 907 2488 989 ejus

549 1031 694 1092 pars
741 1031 1093 1074 mxumo
1149 1012 1554 1075 obedientiam
1592 1010 1943 1093 praestabat
1958 1055 1979 1086 ,
2030 1011 2354 1072 nonnullae
2398 1018 2490 1073 ta·

549 1137 688 1178 men
745 1117 1027 1200 regiones
1045 1161 1066 1192 ,
1134 1125 1202 1181 ut
1255 1118 1462 1180 Scotia
1528 1126 1594 1180 ct
1658 1117 1947 1199 Hispania
1977 1161 1998 1192 ,
2070 1139 2489 1192 scaenici-1113
2550 1191 2555 1196 .

549 1242 928 1284 aorucnrus
947 1268 969 1300 ,
1009 1243 1328 1286 munaus
1369 1223 1595 1306 aliique
1640 1223 1755 1284 viri
1793 1222 2105 1305 Principes
2144 1241 2490 1283 cacconmu

551 1333 722 1413 sequi
769 1331 1119 1416 pergebant.
1212 1330 1452 1392 Alendo
1492 1336 1692 1392 autem
1760 1329 2019 1390 discidio
2084 1328 2491 1391 inservierunt

549 1435 692 1497 lites
709 1480 729 1510 ,
767 1437 832 1496 in
875 1437 1220 1498 civitatibus
1254 1441 1502 1498 exortae
1520 1478 1541 1509 ,
1582 1440 1647 1495 et
1687 1454 1906 1518 magno
1946 1434 2276 1495 animorum
2318 1439 2489 1495 aestu

551 1540 832 1622 agitatae.
883 1540 1012 1602 Nee
1053 1539 1246 1622 magis
1289 1561 1326 1600 e
1369 1545 1517 1601 voto
1560 1541 1856 1600 successit
1902 1539 2095 1599 altera
2129 1559 2231 1600 res
2250 1583 2271 1614 ,
2315 1539 2487 1620 cujus

551 1646 730 1706 causa
782 1643 1116 1706 Concilium
1158 1645 1333 1706 Pisas
1369 1649 1765 1718 convenerat,
1804 1663 2018 1726 nempe
2032 1686 2052 1716 ,
2090 1649 2159 1702 ut
2189 1642 2489 1704 Ecclesia

550 1753 622 1812 in
674 1749 896 1831 Capite
940 1756 1006 1812 et
1036 1749 1384 1824 Membris,
1422 1755 1493 1808 ut
1535 1746 1967 1830 loquebantur,
2008 1752 2488 1810 instauraretur.

549 1856 704 1918 Nam
743 1873 1089 1917 numum
1127 1854 1183 1916 V
1226 1853 1412 1915 talem
1453 1853 1947 1914 instaurationem
1964 1897 1984 1927 ,
2026 1854 2077 1914 si
2114 1856 2449 1916 efficeretur
2465 1899 2487 1930 ,

553 1980 878 2023 concussae
924 1962 1054 2044 jam
1100 1959 1449 2022 auctoritati
1499 1958 1848 2019 Pontificiac
1900 1956 2209 2018 interitum
2271 1957 2490 2017 minari

550 2065 908 2147 praevidens
928 2109 950 2140 ,
1020 2064 1332 2149 professus
1405 2061 1652 2144 quidem
1708 2069 1805 2123 est
1834 2107 1855 2138 ‚
1924 2081 1995 2123 se
2052 2063 2241 2126 velle.
2264 2081 2490 2124 vacare

549 2175 720 2233 circa
759 2172 1284 2253 Reformats'onem
1318 2169 1681 2245 Ecclesiae,
1716 2175 1912 2247 prout
1932 2170 2156 2249 fuerat
2175 2189 2295 2249 per
2332 2167 2490 2230 Gar-

550 2276 794 2338 ds'nales
819 2274 1200 2355 promissum
1228 2283 1374 2336 ante
1407 2279 1546 2354 ejus
1570 2279 2017 2353 promotionem
2056 2273 2190 2358 (3);
2232 2273 2341 2334 sed
2373 2272 2487 2332 Pa-

547 2386 674 2441 trcs
729 2381 906 2441 simul
962 2402 1036 2440 eo
1088 2380 1425 2462 perduxit,
1498 2386 1568 2440 ut
1592 2367 1601 2373 ⁵
1628 2380 1885 2440 alterum
1939 2380 2277 2441 indicerent
2331 2378 2487 2439 Con-

546 2486 753 2547 cilium
778 2531 799 2560 ,
857 2488 1116 2547 triennio
1179 2492 1321 2569 post
1380 2485 1720 2547 habendum
1774 2486 1869 2567 (4)
1888 2530 1908 2560 ,
1965 2487 2045 2547 ad
2096 2487 2260 2570 quod
2311 2506 2485 2547 omne

547 2590 870 2651 Sacrorum
902 2589 1407 2653 emendandorum
1432 2592 1741 2676 negotium
1774 2592 2114 2655 deferretur
2126 2589 2239 2675 (5).
2280 2588 2488 2672 Atque

2402 2690 2489 2749 ita

619 2870 703 2943 (1)
737 2869 860 2925 Vid.
899 2885 1113 2939 nal-⁶11,
1153 2889 1204 2926 ο.
1226 2870 1264 2925 l.
1304 2874 1360 2925 T.
1389 2872 1606 2926 XXVII.
1632 2889 1695 2943 p.
1722 2876 1831 2925 503
1860 2890 1942 2945 sq.

624 2960 704 3031 (2)
781 2958 952 3015 Verba
989 2969 1117 3016 sunt
1137 2999 1155 3029 ‚
1219 2980 1252 3015 a
1299 2976 1658 3016 rnnononroo
1705 2976 1782 3016 nn
1820 2977 1963 3017 vnn
2006 2958 2069 3014 in
2104 2960 2219 3036 ejus
2251 2954 2489 3013 Historia

551 3052 716 3105 Gom.
759 3051 1038 3105 oommt.
1075 3047 1335 3106 Ecclesiae
1368 3046 1578 3102 tributa
1614 3056 1671 3102 et
1704 3049 2023 3123 reperiunda
2057 3050 2199 3125 apud
2229 3066 2336 3105 vol
2372 3064 2489 3104 nnn

543 3153 746 3194 luno!
765 3178 784 3207 ,
822 3140 1084 3215 Maqnism
1123 3140 1543 3197 oecumenicum
1588 3142 1999 3197 constantiense
2041 3139 2338 3195 omilium
2382 3144 2487 3192 etc.

552 3231 610 3283 T.
650 3230 699 3283 Ῑ.
737 3230 805 3284 Ρ.
838 3249 902 3302 p.
947 3236 1075 3284 148.
1750 3272 1763 3284 .

622 3318 699 3390 (3)
737 3335 1070 3375 nmmum
1087 3358 1103 3386 ,
1143 3316 1204 3372 in
1240 3316 1563 3373 collectione
1588 3317 1984 3384 Conciliorum,
2026 3323 2084 3374 T.
2112 3321 2257 3376 Vnt.
2287 3338 2350 3391 p.
2376 3322 2444 3372 19
2464 3340 2489 3383 ,-

543 3423 799 3464 tuum
822 3447 838 3477 ,
877 3410 1015 3463 Eiet.
1059 3408 1136 3463 du
1176 3410 1338 3463 Cone.
1379 3406 1446 3462 de
1481 3408 1630 3462 Piso.
1672 3411 1728 3462 T.
1762 3409 1810 3462 I.
1847 3428 1981 3484 pay.
2016 3414 2147 3463 290.
2202 3408 2494 3461 Memorato,

543 3488 742 3571 dignus
777 3506 856 3552 est
892 3516 1090 3566 sermo,
1143 3516 1248 3573 quo
1289 3513 1507 3553 causon
1562 3494 1875 3551 Pontificem
1918 3496 2172 3573 instigare
2221 3493 2454 3551 tentavit
2471 3532 2493 3565 ‚

543 3594 609 3641 ut
645 3586 955 3661 promissam
996 3591 1275 3643 Sacrorum
1313 3584 1735 3639 emendationem
1772 3584 2024 3641 efficeret.
2064 3585 2186 3642 Vid.
2216 3601 2492 3643 clnsons

549 3676 729 3747 Opera
784 3677 888 3749 (cd.
939 3676 1014 3732 du
1066 3675 1185 3747 Pin)
1239 3678 1382 3729 Tom-
1423 3677 1501 3730 It.
1561 3678 1630 3732 Ρ.
1668 3678 1718 3733 I.
1760 3696 1824 3750 p.
1870 3684 1997 3731 131.
2073 3693 2291 3744 luxu,
2356 3694 2409 3729 o.
2452 3671 2494 3727 l.

547 3766 607 3818 T.
645 3768 859 3823 XXVII.
897 3788 960 3841 p.
993 3773 1106 3821 41³
1142 3784 1261 3839 sqq.
1297 3760 1447 3819 Conf-
1486 3781 1774 3834 tutan,
1817 3785 1868 3822 0.
1895 3765 1934 3822 l.
1975 3771 2032 3822 T.
2057 3770 2106 3822 I.
2141 3787 2204 3839 p.
2233 3768 2368 3821 288.

622 3853 702 3923 (4)
778 3870 1146 3924 nannenus,
1218 3874 1270 3910 ο.
1309 3852 1349 3908 l.
1407 3854 1465 3909 T.
1507 3856 1653 3910 VIII.
1700 3875 1766 3927 p.
1805 3862 1903 3923 22,-
2006 3871 2300 3923 mus-An,
2360 3870 2413 3908 o.
2452 3850 2493 3906 1.

555 3942 612 3995 T.
639 3941 688 3996 I.
721 3960 782 4013 p.
804 3948 951 4009 399,-
997 3961 1300 4013 cusum,
1336 3962 1388 3999 0.
1413 3941 1452 3997 l·
1495 3945 1650 3999 T-II.
1688 3946 1858 4000 Parte
1877 3950 1933 3999 4.
1962 3964 2025 4018 p.
2051 3950 2107 4000 6.
2146 3944 2304 3998 lit-7⁵.

626 4038 706 4113 (ὅ)
782 4054 1150 4113 nunnus,
1221 4060 1273 4098 o.
1311 4040 1351 4098 l.
1417 4044 1476 4099 T.
1519 4044 1662 4099 VIII.
1711 4061 1776 4117 p.
1813 4050 1910 4099 24.
2004 4057 2302 4114 tutan,
2363 4061 2415 4098 ο.
2457 4040 2495 4096 l.
