2976 4737
1425 434 1564 512 119

1401 714 1462 812 ς.
1521 716 1586 791 1.

554 973 561 980 ·
680 937 974 1016 Causae
995 996 1017 1026 ,
1069 967 1168 1017 ex
1214 949 1467 1044 ipsius
1517 951 1780 1020 animo
1829 945 2345 1029 deducendae.

1437 1147 1568 1162 ψ

616 1267 1035 1341 Smismnus,
1068 1288 1105 1327 a
1138 1287 1257 1350 quo
1291 1288 1506 1329 nessus
1521 1313 1542 1343 ,
1583 1275 1900 1352 antequam
1937 1269 2348 1332 Constantiam
2365 1291 2482 1350 xve·-

540 1382 752 1450 uerat,
792 1372 1133 1433 securitatis
1172 1373 1411 1434 Literas
1452 1381 1772 1458 acceperat
1807 1373 1938 1458 (1),
1991 1378 2196 1460 inique
2238 1378 2480 1442 omnino

549 1484 610 1538 et
652 1478 883 1560 perfide
931 1480 1129 1562 egisse
1177 1477 1417 1538 videtur
1433 1521 1456 1552 ,
1511 1500 1647 1539 cum
1707 1500 1844 1540 eum
1889 1480 2277 1543 nihilominus
2323 1482 2482 1546 Con-

542 1583 669 1643 cilii
695 1627 715 1657 ‚
760 1581 877 1644 hoc
926 1589 1021 1643 est
1040 1627 1060 1657 ‚
1116 1582 1307 1643 ferme
1362 1583 1742 1645 inimicorum
1795 1583 2049 1647 arbitrio
2091 1587 2482 1669 relinqueret.

538 1687 628 1750 Ne
663 1689 797 1772 quis
842 1694 1041 1747 tamen
1086 1693 1260 1768 putet
1274 1730 1295 1760 ‚
1333 1688 1762 1768 imperatorem
1807 1708 1990 1749 nusso
2037 1689 2190 1752 hanc
2225 1693 2480 1772 promis-

543 1790 772 1852 sionem
806 1789 1046 1850 dedisse
1062 1833 1082 1863 ,
1120 1796 1189 1848 ut
1218 1809 1360 1849 mox
1392 1790 1586 1850 virum
1615 1809 1892 1850 securum
1920 1791 2224 1874 perderet.
2302 1793 2484 1873 Quod

538 1895 815 1956 nonnulli
852 1893 1102 1954 Bohemi
1138 1892 1378 1975 quidem
1410 1893 1704 1974 suspicati
1735 1901 1875 1954 sunt
1890 1939 1910 1970 ,
1953 1897 2058 1978 qui
2092 1896 2480 1978 popularem,

540 2001 609 2059 in
661 1998 998 2058 Concilium
1046 1997 1457 2078 profecturum
1494 2044 1514 2073 ,
1579 1999 1907 2060 monebant
1928 2043 1950 2074 ,
2007 2020 2084 2060 ne
2137 2020 2482 2064 sreisummo

542 2103 872 2164 confideret
888 2147 909 2178 ,
948 2103 1249 2165 dicentes:
1289 2109 1425 2184 ipse
1467 2112 1528 2166 te
1564 2106 1736 2166 dabit
1772 2107 2044 2166 inimicis
2085 2103 2195 2184 (2).
2262 2105 2485 2167 Obstat

541 2230 687 2272 vero
743 2209 961 2292 agendi
1006 2211 1164 2271 ratio
1192 2255 1213 2286 ‚
1272 2232 1451 2293 quam
1493 2211 1930 2294 Imperatorem
1970 2210 2232 2291 primum
2275 2211 2484 2275 iniisse

538 2316 829 2378 novimus.
870 2314 1023 2378 Nam
1058 2316 1112 2376 si
1142 2335 1310 2376 nussx
1338 2317 1671 2397 perniciem
1702 2316 1832 2398 jam
1866 2322 2042 2377 antea
2075 2316 2482 2395 decrevisset,

538 2420 603 2479 in
650 2420 983 2502 promissae
1036 2419 1463 2482 incolumitatis
1513 2420 1869 2482 documento
1917 2420 2011 2503 (3)
2055 2428 2316 2483 mentem
2353 2429 2480 2485 tam

540 2521 769 2583 diserte
790 2568 811 2597 ,
852 2530 1031 2606 atque
1068 2524 1251 2599 fecit,
1290 2525 1393 2585 vix
1410 2568 1431 2599 ,
1472 2525 1691 2605 opinor
1707 2569 1728 2599 ‚
1765 2526 2152 2587 enuntiasset.
2203 2526 2436 2589 Deinde
2455 2572 2478 2603 ,

542 2650 677 2688 cum
728 2627 943 2690 Patres
1000 2631 1352 2713 congregati
1404 2650 1634 2690 nussum
1649 2674 1669 2705 ,
1721 2632 1914 2692 inscio
1960 2631 2328 2713 Imperatore
2345 2678 2365 2708 ‚
2417 2635 2485 2695 in

544 2755 845 2795 carcerem
881 2734 1098 2797 abduci
1122 2735 1468 2815 jusserant,
1510 2734 1610 2795 hie
1643 2737 1946 2819 graviter,
1985 2738 2105 2798 nisi
2133 2738 2307 2799 illum
2335 2759 2480 2801 mox

540 2838 605 2897 in
656 2839 999 2900 libertatem
1046 2839 1419 2901 vindicarent
1436 2884 1457 2914 ‚
1513 2862 1577 2901 se
1637 2863 1940 2903 carcerem
1989 2865 2168 2903 manu
2208 2844 2478 2906 violenta

540 2944 935 3006 infracturum
984 2966 1115 3007 esse
1132 2990 1152 3019 ‚
1202 2946 1279 3005 iis
1325 2946 1802 3008 comminandum
1845 2948 2078 3009 curavit
2117 2946 2227 3027 (4).
2309 2947 2474 3025 Quin

542 3051 723 3112 etiam
737 3095 757 3126 ,
776 3050 961 3133 paulo
984 3055 1303 3135 antequam
1327 3072 1541 3113 nessus
1564 3053 1629 3113 in
1648 3052 1983 3115 Concilium
2002 3053 2474 3140 produceretur,

540 3156 605 3215 in
653 3155 785 3237 ejus
830 3154 1099 3217 favorem
1157 3156 1502 3217 intercessit
1521 3199 1542 3231 ‚
1599 3178 2002 3239 summamque
2049 3157 2359 3238 prohibuit
2405 3178 2485 3218 ne

545 3261 761 3336 Patres
800 3262 1242 3327 committerent
1288 3260 1642 3342 injustitiam
1655 3305 1675 3335 ‚
1715 3269 1785 3320 ut
1818 3261 2118 3323 hominem
2152 3262 2484 3324 inauditum

546 3363 900 3425 damnarent
938 3363 1336 3446 (5).1taque
1390 3366 1443 3425 si
1491 3370 1656 3425 recte
1695 3363 2102 3447 judicabimus
2117 3409 2136 3439 ,
2179 3385 2288 3425 cur
2331 3364 2483 3425 nihi·
2547 3417 2552 3432 ,

543 3469 803 3531 lominus
833 3490 1063 3529 nussum
1094 3470 1159 3529 in
1186 3469 1449 3533 hostium
1480 3476 1844 3552 potestatem
1881 3469 2152 3547 dederit,
2189 3472 2482 3555 imprimis

2389 3586 2478 3671 et·

618 3706 698 3778 (1)
774 3724 828 3761 v.
871 3723 913 3761 s.
943 3725 1007 3777 p.
1050 3712 1122 3760 ³5
1161 3725 1243 3780 sq.
2209 3740 2214 3745 ⁴

618 3804 699 3875 (2)
772 3820 939 3861 nuss1
978 3805 1117 3861 Hire.
1148 3818 1205 3860 et
1226 3807 1473 3863 Menum.
1511 3810 1570 3862 Τ.
1595 3810 1644 3863 Ι.
1672 3827 1738 3881 p.
1760 3806 1884 3863 681».
1927 3808 2104 3881 Epist.
2133 3814 2225 3863 ³4.

617 3902 698 3974 (3)
774 3900 895 3957 Vid.
935 3900 1077 3957 illud
1110 3921 1271 3979 supra
1300 3922 1362 3976 p.
1402 3910 1494 3959 36.

623 4000 704 4072 (4)
780 4019 832 4055 v.
872 4018 915 4055 s.
948 4021 1010 4073 p.
1052 4008 1157 4069 41.

618 4098 697 4170 (ὅ)
770 4117 821 4153 v.
858 4116 901 4156 s.
932 4119 995 4173 p.
1039 4107 1109 4155 4⁶
1150 4120 1231 4174 sq.
