2976 4737
1517 427 1618 502 66

1244 682 1676 762 CAPUT
1773 686 1843 763 Ι.

678 933 964 989 clusin
987 967 1007 998 ,
1067 929 1267 1002 omn
1318 933 1401 988 Η(
1445 930 1854 988 smmum
1875 965 1892 995 ,
1957 933 2005 984 A
2055 932 2413 988 concam

880 1063 964 1116 nv
1010 1061 1313 1116 nussum
1359 1060 1556 1117 nn
1577 1095 1597 1125 ,
1663 1061 2197 1138 molinum.

1440 1416 1505 1516 ξ.
1561 1418 1628 1494 1.

686 1577 780 1652 H
772 1581 943 1653 ussi
974 1583 1399 1680 propensio
1444 1582 1536 1652 im
1585 1575 1894 1674 Wiclqfi
1941 1577 2365 1654 doctrinas.

648 1873 882 1936 Causae
901 1918 922 1949 ,
945 1893 1097 1956 quae
1128 1873 1194 1934 in
1226 1873 1519 1934 sententia
1535 1917 1556 1948 ‚
1578 1893 1613 1932 a
1637 1870 1918 1933 Patribus
1941 1869 2498 1932 constantiensibus

570 1980 639 2040 in
677 2001 903 2042 nussum
933 1978 1059 2040 lata
1074 2023 1095 2054 ,
1130 1984 1540 2039 memorantur
1553 2022 1573 2053 ,
1613 1978 1692 2037 ad
1727 1978 1876 2038 duas
1917 1978 2221 2059 principes
2253 1977 2495 2038 tandem

568 2085 864 2149 redeunt:
918 2106 1167 2168 quarum
1214 2085 1417 2146 altera
1478 2085 1742 2167 pertinet
1791 2083 1870 2143 ad
1914 2104 2276 2164 propensum
2331 2102 2499 2143 uussi

568 2192 635 2251 in
686 2211 934 2251 menni-1
988 2189 1298 2251 doctrinas
1356 2189 1651 2263 animum3
1703 2190 1906 2252 altera
1949 2190 2315 2273 pertinacem
2367 2177 2502 2248 enm

568 2301 632 2355 et
674 2293 1173 2356 inemendabilem
1203 2295 1553 2375 pronuntiat
1590 2294 1972 2357 haereticum.
2040 2293 2364 2378 Utramque
2397 2315 2498 2353 au-

568 2408 691 2459 tem
732 2400 819 2459 ita
860 2398 1227 2457 excutiemus
1244 2440 1263 2470 ,
1304 2402 1374 2456 ut
1412 2398 1590 2459 simul
1633 2401 2037 2482 inquiramus,
2081 2424 2159 2463 an
2193 2409 2256 2462 et
2292 2404 2497 2484 quate-

565 2524 677 2562 nus
728 2500 1064 2563 Concilium
1112 2501 1177 2560 in
1232 2519 1415 2561 nusso
1460 2512 1713 2585 propter
1761 2507 1916 2567 tales
1963 2528 2174 2567 causas
2222 2505 2496 2569 condem-

564 2605 765 2667 nando
824 2605 939 2665 sibi
993 2606 1113 2687 ipsi
1169 2608 1530 2668 constiterit.
1625 2609 1715 2668 De
1777 2612 1957 2671 eausa
2015 2613 2218 2693 priore
2237 2655 2258 2686 ,
2321 2632 2498 2695 quam

564 2710 773 2792 paucis
821 2708 1329 2791 comprehendere
1364 2732 1680 2792 possumus
1702 2755 1723 2786 ,
1764 2712 1878 2773 bac
1923 2710 1963 2793 ἓ
2007 2713 2272 2776 dicemus
2293 2759 2313 2790 ,
2351 2715 2496 2775 ube-

564 2816 788 2877 riorem
858 2834 1003 2875 vero
1068 2817 1494 2876 tractationem
1563 2816 1677 2875 sibi
1740 2818 2079 2898 postulabit
2138 2821 2442 2901 posterior
2472 2861 2494 2893 ,

566 2920 669 3004 ἓξ
706 2920 1093 3003 sequentibus
1134 2920 1508 3002 exponenda.

639 3028 859 3109 Incipit
899 3047 1045 3111 ergo
1103 3026 1410 3088 decretum
1430 3071 1451 3101 ‚
1496 3046 1614 3109 quo
1655 3024 1987 3087 Concilium
2038 3027 2493 3087 constantiense

562 3153 791 3195 nussum
842 3131 1145 3192 damnavit
1184 3131 1275 3215 (1)
1292 3176 1312 3206 ,
1360 3133 1437 3193 ab
1465 3129 1851 3214 approbanda
1894 3132 2223 3206 sententia,
2267 3155 2304 3193 a
2338 3131 2496 3194 Cou-

442 3302 449 3306 ,
566 3239 707 3300 cilio
748 3238 1015 3301 Romano
1053 3238 1118 3297 in
1156 3258 1467 3297 munerum
1499 3236 1744 3316 ejusque
1778 3234 1972 3296 libros
2004 3235 2128 3297 lata
2163 3234 2495 3319 (2).1nde

565 3345 643 3407 ad
693 3364 859 3405 nussi
904 3363 1144 3405 causam
1191 3339 1581 3423 proceditur,
1609 3366 1612 3373 ¹
1643 3346 1711 3401 ut
1771 3341 1940 3422 prius
1991 3339 2142 3400 adeo
2164 3384 2185 3414 ‚
2227 3341 2391 3423 quod
2437 3341 2497 3401 ei

562 3449 890 3531 imputatur
908 3491 929 3521 ‚
996 3447 1223 3507 crimen
1280 3444 1378 3505 bis
1448 3446 1822 3506 contineatur
1897 3446 2137 3507 verbis:
2197 3466 2494 3507 ὄπωπε

563 3574 705 3615 nuss
721 3598 741 3629 ,
778 3588 861 3602 -
906 3571 1031 3615 non
1076 3551 1318 3614 Christi
1329 3594 1349 3625 ,
1384 3552 1504 3612 sed
1549 3570 1826 3612 sommus
1857 3572 2119 3611 wicum
2133 3596 2152 3626 ,
2196 3550 2495 3613 Haerese-

560 3663 790 3723 archae
801 3705 822 3736 ,
855 3660 1204 3740 discipulus
1215 3700 1237 3733 ,
1258 3662 1407 3736 post
1420 3661 1485 3717 et
1503 3662 1718 3719 contra
1740 3658 2190 3719 damnationem
2208 3661 2276 3717 et
2292 3658 2497 3719 decre-

2361 3766 2496 3823 tum

636 3878 717 3948 (1)
754 3876 875 3934 Vid.
911 3876 1011 3935 boc
1034 3877 1303 3934 decretum
1326 3874 1469 3952 apud
1495 3891 1672 3937 nnsl
1687 3917 1705 3948 ‚
1743 3874 1855 3935 ολ.
1882 3880 1939 3933 Τ.
1962 3878 2174 3935 XXVII.
2192 3896 2256 3950 p.
2275 3884 2386 3935 752
2408 3892 2492 3951 sq.

561 3972 618 4019 et
654 3982 973 4035 surum),
1012 3966 1051 4023 l.
1092 3965 1131 4021 l.
1165 3985 1225 4037 p.
1268 3972 1339 4020 99
1376 3984 1495 4043 sqq.

638 4063 716 4135 (z)
790 4062 911 4120 Vid.
950 4081 1107 4138 supra
1141 4084 1201 4136 p.
1244 4072 1335 4121 31.
