2976 4737
1480 440 1582 515 96

575 639 892 718 postquam
936 651 1149 694 nosses
1191 633 1257 693 in
1289 651 1591 694 carcerem
1609 629 1742 712 jam
1775 627 2070 692 abductus
2103 635 2278 704 erat,
2317 631 2504 694 variis

574 741 880 802 Ecclesiae
912 740 1163 802 Statutis
1200 739 1455 801 maxime
1488 739 1554 799 in
1591 737 1912 812 Bohemia,
1951 758 2018 798 se
2047 738 2502 820 opposuissent,

574 844 931 928 simulatque
977 843 1085 906 ille
1130 844 1387 906 Concilii
1413 843 1646 927 judicio
1687 843 1979 905 liberatus
2021 851 2184 906 essct
2201 889 2221 918 ,
2263 850 2504 905 strenue

574 972 819 1035 operam
858 951 1105 1011 daturos
1151 969 1321 1024 esse,
1368 959 1437 1011 ut
1476 950 1789 1031 opiniones
1835 970 2010 1024 suas,
2061 969 2227 1011 nussx
2261 950 2504 1031 placitis

572 1063 857 1141 cognatas
873 1100 893 1131 ‚
930 1055 997 1116 in
1032 1054 1450 1116 detrimentum
1488 1055 1797 1116 doctrinae
1835 1053 2185 1116 Catholicae
2218 1054 2504 1117 audacius

570 1163 753 1223 etiam
811 1166 1235 1243 propagarent.
1332 1159 1462 1222 Nec
1507 1161 1702 1220 minus
1750 1179 1852 1221 res
1906 1159 2044 1244 ipsa
2099 1160 2462 1244 loquebatur
2478 1205 2500 1236 ‚

568 1287 795 1328 nussum
814 1309 834 1340 ,
892 1267 949 1326 si
1007 1267 1071 1326 in
1122 1263 1433 1348 publicum
1488 1263 1689 1326 salvus
1737 1265 2011 1342 rediret,
2067 1265 2260 1327 multo
2311 1266 2503 1349 magis

566 1369 949 1433 metuendum
1002 1369 1133 1431 fore
1155 1413 1176 1444 ,
1234 1389 1413 1451 quam
1468 1375 1660 1430 antea.
1753 1369 1908 1432 Nam
1955 1369 2268 1431 intellectu
2317 1369 2501 1432 facile

568 1484 733 1550 erat,
768 1476 833 1536 in
870 1475 1001 1558 ejus
1039 1473 1415 1535 absolutione
1462 1473 1765 1557 gloriandi
1800 1475 2111 1536 materiam
2149 1496 2270 1536 non
2306 1477 2500 1538 solum

564 1582 878 1644 habituros
928 1601 1064 1655 esse
1112 1579 1336 1640 multos
1382 1579 1514 1662 ejus
1561 1580 1827 1642 fautores
1869 1589 1932 1642 et
1979 1586 2308 1643 sectatores
2327 1625 2348 1656 ‚
2391 1580 2502 1642 sed

566 1695 631 1750 et
674 1688 829 1749 alios
844 1731 865 1758 ‚
922 1686 1027 1770 qui
1071 1684 1377 1766 hucusque
1426 1704 1556 1745 rem
1607 1707 1745 1746 cum
1781 1707 1858 1748 eo
1897 1707 2266 1748 communem
2299 1687 2500 1748 facere

564 1813 687 1854 non
732 1791 864 1852 ausi
908 1797 1151 1864 essent,
1202 1796 1367 1851 metu
1412 1789 1689 1872 deposito
1711 1834 1731 1865 ,
1782 1789 2012 1873 placita
2055 1792 2186 1875 ejus
2240 1812 2372 1852 esse
2402 1811 2500 1852 re-

566 1903 884 1980 cepturos,
945 1897 1169 1979 quippe
1225 1895 1304 1956 ab
1358 1895 1493 1978 ipso
1556 1894 1831 1957 Concilio
1857 1940 1878 1971 ‚
1936 1897 1989 1957 si
2033 1918 2152 1957 non
2197 1895 2450 1978 probata
2466 1939 2490 1969 ‚

566 2002 781 2063 saltem
828 2001 990 2062 haud
1046 2001 1199 2062 adeo
1235 2002 1593 2084 improbata.
1672 2002 1840 2078 Quae
1886 2003 1942 2061 si
1977 2000 2063 2060 ita
2114 2021 2246 2061 esse
2282 1999 2494 2060 Patres

566 2107 918 2191 congregati
965 2107 1473 2182 existimaverint,
1515 2107 1682 2189 optio
1721 2107 1796 2166 iis
1833 2105 2110 2166 facienda
2146 2104 2508 2180 videbatur‚·

565 2217 764 2272 utrum
804 2233 1015 2294 pacem
1058 2211 1366 2273 Ecclesiae
1406 2214 1472 2272 in
1512 2210 1834 2272 discrimen
1871 2210 2076 2273 venire
2114 2209 2343 2271 vellent
2361 2253 2382 2284 ,
2421 2231 2496 2270 an

558 2337 787 2379 nussum
850 2316 1065 2400 capitis
1130 2316 1429 2379 damnare.
1523 2317 1748 2378 Tamen
1771 2359 1792 2391 ,
1841 2315 2070 2393 fateor,
2123 2321 2492 2398 postremum

558 2421 676 2483 hoc
700 2466 722 2497 ‚
772 2421 849 2482 de
896 2443 1103 2483 eorum
1152 2423 1331 2484 etiam
1381 2422 1689 2505 cogitandi
1731 2422 1965 2482 ratione
1983 2465 2004 2495 ,
2059 2440 2183 2481 non
2219 2440 2494 2481 necessa-

558 2527 715 2588 rium
774 2526 973 2589 fuerat
988 2572 1008 2603 ,
1072 2535 1142 2590 ut
1196 2528 1467 2611 pericula
1485 2572 1506 2603 ‚
1563 2549 1715 2611 quae
1769 2527 2231 2611 significavimus
2251 2572 2272 2603 ,
2326 2548 2494 2590 aver-

558 2642 848 2697 terentur.
938 2637 1092 2700 Nam
1146 2636 1296 2698 haec
1339 2636 1595 2698 forsitan
1638 2636 1985 2719 praecaveri
2022 2634 2398 2717 potuissent,
2440 2634 2494 2695 si

559 2738 897 2815 absolutio,
955 2762 1025 2801 re
1086 2761 1160 2803 eo
1214 2740 1496 2803 tendente
1517 2784 1538 2814 ‚
1587 2742 1771 2801 certis
1826 2737 2270 2801 conditionibus
2297 2784 2318 2815 ‚
2362 2762 2418 2801 v.
2438 2760 2492 2801 c.

560 2842 783 2905 silentii
832 2845 1153 2927 perpetui,
1218 2846 1466 2929 alligata
1515 2844 1749 2906 fuisset.
1843 2842 1967 2905 Sed
2023 2849 2118 2903 utr
2145 2844 2250 2905 vix
2297 2850 2448 2927 puto
2467 2887 2490 2919 ,

558 2968 817 3024 nussum,
854 2948 1115 3010 maximo
1150 2948 1317 3024 veri,
1358 2947 1523 3031 quod
1553 2947 1848 3022 habehat,
1887 2948 2262 3031 propagandi
2291 2949 2493 3010 studio

558 3055 837 3115 incensus
863 3098 883 3128 ,
940 3054 1233 3137 ejusmodi
1293 3052 1668 3115 conditiones
1718 3060 2102 3135 accepturum
2138 3053 2366 3127 fuisse3
2403 3054 2492 3114 ita

560 3165 725 3221 certe
775 3160 1261 3221 constantienses
1311 3160 1369 3219 ei
1396 3202 1416 3233 ,
1479 3157 1579 3219 vel
1613 3158 1790 3218 fidem
1825 3158 2267 3240 interponenti,
2311 3158 2493 3221 fidem

559 3265 890 3347 aegerrime
928 3264 1357 3325 adhibuissent.
1443 3262 1736 3324 Restabat
1781 3270 1982 3324 tamen
1996 3307 2017 3340 ‚
2073 3270 2145 3325 ut
2201 3264 2493 3326 coenobio

560 3372 765 3456 aliquo
811 3371 1107 3433 inclusum
1160 3390 1386 3431 nussum
1433 3390 1788 3451 omnemque
1839 3390 1976 3431 cum
2026 3369 2165 3451 ipso
2215 3368 2493 3430 haeresin

558 3478 747 3540 veluti
804 3477 1145 3562 sepelirent.
1244 3474 1424 3554 Quod
1474 3481 1673 3536 tamen
1735 3474 1812 3535 iis
1859 3472 2024 3536 haud
2069 3473 2216 3535 satis
2261 3472 2449 3533 fuisse
2467 3515 2490 3547 ,

559 3583 870 3665 sequentia
901 3602 1103 3642 rerum
1136 3586 1465 3653 momenta,
1505 3578 1998 3642 antecedentibus
2015 3578 2230 3663 juncta
2247 3622 2268 3655 ,
2299 3577 2493 3661 magis

556 3687 739 3750 etiam
756 3730 777 3761 ,
814 3686 933 3747 nisi
968 3685 1184 3761 fallor,
1224 3682 1636 3749 declarabunt.

556 3892 834 3969 cognitum
880 3892 985 3949 sibi
1036 3890 1231 3949 habuit
1250 3933 1267 3961 ,
1320 3890 1367 3947 si
1406 3889 1538 3947 fides
1584 3898 1665 3947 est
1697 3888 1960 3965 Epistulae
1995 3891 2276 3951 sacerdotis
2310 3792 2496 3971 ‹Ejus-

558 3982 683 4038 dam
719 3983 907 4055 (nussr
930 3983 1067 4038 mse.
1092 3993 1149 4036 et
1164 3985 1405 4038 Momm·
1443 3983 1564 4037 721.
1590 4001 1652 4055 p.
1675 3988 1814 4037 101·
1831 3983 1967 4058 ,φὴ
2009 3981 2496 4061 φιὶμοοιιηπι

559 4069 795 4149 appellat
830 4070 1203 4145 coucb‘otonu·
1239 4087 1410 4130 nussr
1442 4072 1508 4129 δη
1541 4071 1860 4149 Evangelio.
