2976 4737
1470 424 1562 500 71

1390 637 1455 740 ς.
1508 641 1576 714 2.

567 799 886 876 Hussus
928 803 1317 899 pertinax
1366 811 1451 874 et
1494 796 2092 874 inemendabilis
2139 797 2406 874 baere-

871 931 1079 1000 ticus
1128 936 1294 1002 tres
1342 924 1431 999 ob
1480 949 1763 1002 causas
1811 925 2094 1002 dictus.

591 1218 807 1279 Patres
864 1216 1355 1280 constantienses
1400 1240 1525 1280 non
1571 1219 1766 1282 solum
1799 1239 1982 1281 nesso
2018 1220 2279 1302 pessime
2319 1238 2454 1281 ver·-

516 1328 724 1384 terunt
770 1321 903 1404 ejus
946 1323 1011 1384 in
1067 1342 1380 1384 metm-uu
1416 1323 1716 1409 hujusque
1755 1322 2065 1386 doctrinas
2097 1324 2452 1407 propensio-

516 1447 684 1502 nem,
740 1425 851 1486 sed
901 1426 1075 1490 illum
1110 1428 1313 1510 ipsum
1364 1450 1606 1513 quoque
1655 1429 2129 1492 condemnarunt
2169 1435 2456 1512 tanquam

514 1532 842 1614 pessimum
903 1525 1290 1595 haereticam.
1383 1533 1580 1612 Quam
1634 1535 1994 1596 sententiam
2045 1537 2306 1596 maximo
2355 1534 2454 1596 his

513 1634 1092 1718 comprehenderunt
1123 1638 1365 1699 verbim
1400 1639 1644 1702 Chr-isti
1671 1645 1918 1702 nomine
1954 1642 2270 1713 invocata,
2297 1639 2455 1700 haec

510 1747 909 1803 sacrosancta
958 1740 1256 1820 Synodus
1294 1741 1833 1820 constantiensis,
1873 1776 1951 1792 -
1982 1760 2102 1820 per
2135 1742 2300 1802 lianc
2331 1743 2456 1824 dif-
2559 1748 2564 1754 ’

502 1847 812 1924 finitivam
864 1849 1280 1921 sententiam,
1342 1864 1532 1926 quam
1574 1848 1824 1925 profert
1873 1847 1946 1906 in
1993 1846 2099 1906 liis
2150 1848 2455 1925 scriptis,

503 1953 911 2029 pronuntiat,
958 1951 1238 2011 decernit
1274 1956 1341 2010 et
1358 1951 1680 2030 declarat,
1714 1953 1947 2012 dictum
1971 1968 2281 2010 :nummu
2308 1970 2452 2013 πει

501 2058 712 2135 fuisse
737 2062 805 2117 et
829 2074 969 2116 esse
999 2074 1213 2117 cerum
1236 2057 1757 2136 manifestumque
1787 2057 2200 2128 haereticum,
2219 2057 2452 2134 ipsum-

509 2178 630 2238 que
660 2177 908 2220 errores
924 2201 945 2234 ,
980 2164 1049 2218 et
1066 2160 1391 2234 haereses,
1425 2161 1504 2220 ab
1536 2159 1836 2221 Ecclesia
1867 2158 1993 2218 Dei
2017 2159 2250 2220 dudum
2281 2160 2458 2220 dans-

506 2268 691 2324 natas
704 2305 725 2336 ,
778 2268 847 2324 et
880 2263 1163 2342 plurima
1214 2264 1618 2338 scandalosa,
1661 2267 1918 2343 piarum
1969 2267 2220 2326 aurium
2267 2267 2448 2344 offen-

506 2374 647 2431 siva
659 2413 692 2446 ,
747 2374 1080 2433 temeraria
1126 2376 1193 2431 et
1243 2372 1544 2431 seditiosa
1599 2370 2054 2449 dogmatizasse
2099 2374 2166 2430 et
2199 2366 2451 2448 publico

501 2477 943 2553 praedicasse,
986 2479 1055 2539 in
1092 2494 1219 2537 non
1250 2477 1556 2537 modicam
1586 2477 1878 2554 offensam
1909 2475 2178 2537 Divinae
2207 2472 2448 2553 Majes-

506 2583 657 2640 tatis
670 2622 696 2654 ,
736 2599 813 2641 ac
854 2579 1243 2641 Universalis
1281 2578 1615 2641 Ecclesiae
1644 2576 2016 2641 scandalum
2053 2585 2120 2641 et
2133 2580 2288 2658 fidei
2323 2578 2447 2641 Oa-

507 2683 775 2745 tholicae
818 2687 1248 2747 detrimentum
1262 2704 1288 2745 .·
1324 2684 1531 2745 claves
1561 2688 1752 2745 etiam
1781 2683 2114 2746 Ecclesiae
2141 2690 2207 2745 et
2230 2701 2446 2747 censu-

503 2808 615 2850 ras
649 2788 1137 2851 Ecclesiasticus
1188 2789 1631 2869 vilipendisse,
1695 2792 1768 2851 in
1819 2790 2043 2871 quibus
2092 2808 2213 2868 per
2247 2806 2448 2851 annos

502 2893 736 2956 multos
771 2898 1054 2973 perstitit
1086 2898 1296 2957 animo
1340 2896 1634 2956 indurato
1666 2926 1748 2941 —-
1780 2926 1860 2941 —
1898 2913 2040 2956 cum
2075 2893 2444 2973 appellatio-

501 3019 642 3063 nem
680 3004 768 3064 ad
794 3003 1131 3066 Dominum
1157 3002 1386 3065 Jesum
1433 3002 1788 3079 Christum,
1827 3008 2124 3084 tanquam
2155 3004 2245 3065 ad
2275 3022 2442 3067 sum—

499 3128 670 3171 mum
699 3111 1025 3188 judicem,
1079 3112 1331 3171 ominis
1371 3108 1840 3171 Ecclesiasticus
1876 3111 2138 3183 mediis,
2173 3113 2444 3190 interpo-

502 3217 710 3275 suerit
720 3233 749 3293 ,·
787 3218 857 3275 in
888 3216 1018 3294 qud
1054 3214 1255 3275 multa
1272 3213 1450 3293 falsa
1482 3219 1550 3275 et
1575 3216 1883 3293 injuriosa
1903 3218 2126 3293 posuit
2149 3221 2216 3275 et
2261 3233 2442 3276 scan-

500 3318 722 3378 dalosa
740 3360 763 3393 ‚
818 3321 1023 3397 ipsius
1080 3321 1252 3380 sedis
1299 3318 1704 3398 Apostolicae
1712 3361 1743 3395 ,
1781 3336 2187 3381 censurarum
2226 3318 2442 3379 Eccle-

498 3426 899 3485 siasticarum
911 3429 979 3483 et
985 3424 1254 3485 clavium
1268 3428 1337 3485 in
1350 3429 1776 3503 contemptum.
1795 3423 2037 3484 Idcirco
2046 3455 2124 3469 —
2136 3453 2214 3467 —
2225 3440 2441 3485 somn-

498 3546 622 3589 nsu
666 3547 809 3588 nuss
860 3529 1240 3590 haereticum
1280 3530 1487 3608 fuisse
1540 3535 1609 3589 et
1646 3547 1785 3590 esse
1835 3528 1990 3588 haec
2039 3536 2442 3591 sacrosancta

502 3630 804 3709 Synodus
854 3638 1228 3711 pronuntiat
1256 3667 1339 3681 —
1372 3667 1455 3681 —
1487 3666 1569 3681 --
1605 3636 1756 3715 quia
1795 3651 1914 3711 per
1949 3649 2059 3706 ea,
2097 3648 2258 3709 quae
2283 3633 2439 3695 haec

498 3743 897 3798 sacrosancta
932 3736 1234 3818 synodus
1262 3740 1424 3800 cidit
1449 3744 1518 3800 et
1545 3740 1821 3811 audivit,
1855 3739 2140 3815 coqnovit
2172 3738 2440 3801 eundem

501 3859 810 3902 somnum
855 3862 997 3903 πῦσε
1045 3848 1428 3924 pertinacem
1480 3850 1550 3907 et
1593 3841 2112 3921 incorrigibilem,
2175 3846 2240 3903 et
2281 3844 2436 3907 adeo

501 3944 811 4023 totaliter,
834 3949 1001 4026 quod
1024 3966 1153 4012 non
1189 3950 1479 4028 cupiebat
1499 3949 1591 4013 ad
1604 3950 1913 4028 gremivm
1937 3952 2190 4011 sanctae
2213 3954 2436 4012 matris

2307 4054 2436 4122 Ec-
