<?xml version="1.0" encoding="UTF-8"?>
<!DOCTYPE html PUBLIC "-//W3C//DTD XHTML 1.0 Transitional//EN"
    "http://www.w3.org/TR/xhtml1/DTD/xhtml1-transitional.dtd">
<html xmlns="http://www.w3.org/1999/xhtml" xml:lang="en" lang="en">
 <head>
  <title>
</title>
<meta http-equiv="Content-Type" content="text/html;charset=utf-8" />
  <meta name='ocr-system' content='tesseract 3.04.00' />
  <meta name='ocr-capabilities' content='ocr_page ocr_carea ocr_par ocr_line ocrx_word'/>
</head>
<body>
  <div class='ocr_page' id='page_1' title='image "./disputatiodehus00horsgoog_0048.png"; bbox 0 0 2976 4737; ppageno 0'>
   <div class='ocr_carea' id='block_1_1' title="bbox 1502 389 1601 466">
    <p class='ocr_par' dir='ltr' id='par_1_1' title="bbox 1502 389 1601 466">
     <span class='ocr_line' id='line_1_1' title="bbox 1502 389 1601 466; baseline -0.02 0"><span class='ocrx_word' id='word_1_1' title='bbox 1502 389 1601 466; x_wconf 81' lang='lat'><strong>24</strong></span> 
     </span>
    </p>
   </div>
   <div class='ocr_carea' id='block_1_2' title="bbox 561 577 2579 3289">
    <p class='ocr_par' dir='ltr' id='par_1_2' title="bbox 561 577 2579 3289">
     <span class='ocr_line' id='line_1_2' title="bbox 582 577 2494 666; baseline 0.001 -24"><span class='ocrx_word' id='word_1_2' title='bbox 582 587 684 642; x_wconf 81' lang='lat' dir='ltr'><strong>tur</strong></span> <span class='ocrx_word' id='word_1_3' title='bbox 699 621 723 656; x_wconf 87' lang='lat'><strong>,</strong></span> <span class='ocrx_word' id='word_1_4' title='bbox 769 600 844 644; x_wconf 89' lang='lat' dir='ltr'><strong>eo</strong></span> <span class='ocrx_word' id='word_1_5' title='bbox 891 579 1264 642; x_wconf 86' lang='lat' dir='ltr'><strong>constantius</strong></span> <span class='ocrx_word' id='word_1_6' title='bbox 1319 577 1379 640; x_wconf 88' lang='lat' dir='ltr'><strong>ei</strong></span> <span class='ocrx_word' id='word_1_7' title='bbox 1429 577 1833 643; x_wconf 79' lang='lat' dir='ltr'><strong>adhaerebant</strong></span> <span class='ocrx_word' id='word_1_8' title='bbox 1883 577 2189 656; x_wconf 72' lang='lat' dir='ltr'><strong>fautores,</strong></span> <span class='ocrx_word' id='word_1_9' title='bbox 2244 583 2494 666; x_wconf 71' lang='lat' dir='ltr'><strong>ejusque</strong></span> 
     </span>
     <span class='ocr_line' id='line_1_3' title="bbox 582 683 2493 770; baseline 0.002 -26"><span class='ocrx_word' id='word_1_10' title='bbox 582 706 822 744; x_wconf 85' lang='lat' dir='ltr'><strong>causam</strong></span> <span class='ocrx_word' id='word_1_11' title='bbox 873 683 1309 760; x_wconf 74' lang='lat' dir='ltr'><strong>defendebant,</strong></span> <span class='ocrx_word' id='word_1_12' title='bbox 1361 686 1452 746; x_wconf 87' lang='lat' dir='ltr'><strong>ita</strong></span> <span class='ocrx_word' id='word_1_13' title='bbox 1502 691 1571 746; x_wconf 92' lang='lat' dir='ltr'><strong>ut</strong></span> <span class='ocrx_word' id='word_1_14' title='bbox 1623 686 1803 748; x_wconf 85' lang='lat' dir='ltr'><strong>etiam</strong></span> <span class='ocrx_word' id='word_1_15' title='bbox 1846 685 1913 746; x_wconf 86' lang='lat' dir='ltr'><strong>iu</strong></span> <span class='ocrx_word' id='word_1_16' title='bbox 1948 685 2169 751; x_wconf 65' lang='lat' dir='ltr'><strong>Schola</strong></span> <span class='ocrx_word' id='word_1_17' title='bbox 2200 687 2493 770; x_wconf 76' lang='lat' dir='ltr'><strong>Pragensi</strong></span> 
     </span>
     <span class='ocr_line' id='line_1_4' title="bbox 580 792 2492 875; baseline 0.002 -23"><span class='ocrx_word' id='word_1_18' title='bbox 580 799 702 852; x_wconf 85' lang='lat' dir='ltr'><strong>tam</strong></span> <span class='ocrx_word' id='word_1_19' title='bbox 751 792 1135 854; x_wconf 72' lang='lat' dir='ltr'><strong>Professores</strong></span> <span class='ocrx_word' id='word_1_20' title='bbox 1176 813 1352 875; x_wconf 87' lang='lat' dir='ltr'><strong>quam</strong></span> <span class='ocrx_word' id='word_1_21' title='bbox 1399 792 1681 874; x_wconf 84' lang='lat' dir='ltr'><strong>discipuli</strong></span> <span class='ocrx_word' id='word_1_22' title='bbox 1732 813 1868 854; x_wconf 88' lang='lat' dir='ltr'><strong>eum</strong></span> <span class='ocrx_word' id='word_1_23' title='bbox 1919 796 2049 854; x_wconf 61' lang='lat' dir='ltr'><strong>tota</strong></span> <span class='ocrx_word' id='word_1_24' title='bbox 2088 792 2219 854; x_wconf 80' lang='lat' dir='ltr'><strong>fere</strong></span> <span class='ocrx_word' id='word_1_25' title='bbox 2252 795 2492 856; x_wconf 74' lang='lat' dir='ltr'><strong>civitate</strong></span> 
     </span>
     <span class='ocr_line' id='line_1_5' title="bbox 580 896 2494 981; baseline 0.003 -24"><span class='ocrx_word' id='word_1_26' title='bbox 580 896 729 958; x_wconf 87' lang='lat' dir='ltr'><strong>duas</strong></span> <span class='ocrx_word' id='word_1_27' title='bbox 783 901 847 958; x_wconf 88' lang='lat' dir='ltr'><strong>in</strong></span> <span class='ocrx_word' id='word_1_28' title='bbox 893 905 1102 980; x_wconf 86' lang='lat' dir='ltr'><strong>partes</strong></span> <span class='ocrx_word' id='word_1_29' title='bbox 1142 897 1596 971; x_wconf 67' lang='lat' dir='ltr'><strong>scinderentur-3</strong></span> <span class='ocrx_word' id='word_1_30' title='bbox 1650 918 1899 980; x_wconf 81' lang='lat' dir='ltr'><strong>quarum</strong></span> <span class='ocrx_word' id='word_1_31' title='bbox 1934 898 2126 960; x_wconf 81' lang='lat' dir='ltr'><strong>altera</strong></span> <span class='ocrx_word' id='word_1_32' title='bbox 2160 920 2339 981; x_wconf 88' lang='lat' dir='ltr'><strong>saepe</strong></span> <span class='ocrx_word' id='word_1_33' title='bbox 2371 923 2494 962; x_wconf 91' lang='lat' dir='ltr'><strong>ma-</strong></span> 
     </span>
     <span class='ocr_line' id='line_1_6' title="bbox 573 1001 2492 1088; baseline 0.002 -25"><span class='ocrx_word' id='word_1_34' title='bbox 573 1001 712 1086; x_wconf 82' lang='lat' dir='ltr'><strong>jora</strong></span> <span class='ocrx_word' id='word_1_35' title='bbox 769 1010 874 1064; x_wconf 86' lang='lat' dir='ltr'><strong>aut</strong></span> <span class='ocrx_word' id='word_1_36' title='bbox 921 1005 1154 1065; x_wconf 87' lang='lat' dir='ltr'><strong>minora</strong></span> <span class='ocrx_word' id='word_1_37' title='bbox 1204 1004 1526 1064; x_wconf 86' lang='lat' dir='ltr'><strong>certamina</strong></span> <span class='ocrx_word' id='word_1_38' title='bbox 1561 1024 1695 1064; x_wconf 79' lang='lat' dir='ltr'><strong>cum</strong></span> <span class='ocrx_word' id='word_1_39' title='bbox 1731 1002 1924 1064; x_wconf 65' lang='lat' dir='ltr'><strong>altera.</strong></span> <span class='ocrx_word' id='word_1_40' title='bbox 1952 1005 2361 1066; x_wconf 82' lang='lat' dir='ltr'><strong>commisceret</strong></span> <span class='ocrx_word' id='word_1_41' title='bbox 2384 1004 2492 1088; x_wconf 85' lang='grc' dir='ltr'><strong>(Ι).</strong></span> 
     </span>
     <span class='ocr_line' id='line_1_7' title="bbox 582 1105 2495 1190; baseline 0.001 -22"><span class='ocrx_word' id='word_1_42' title='bbox 582 1107 952 1169; x_wconf 76' lang='lat' dir='ltr'><strong>constabant</strong></span> <span class='ocrx_word' id='word_1_43' title='bbox 995 1129 1206 1190; x_wconf 83' lang='lat' dir='ltr'><strong>nempe</strong></span> <span class='ocrx_word' id='word_1_44' title='bbox 1251 1107 1507 1170; x_wconf 81' lang='lat' dir='ltr'><strong>Scholae</strong></span> <span class='ocrx_word' id='word_1_45' title='bbox 1557 1107 1779 1168; x_wconf 82' lang='lat' dir='ltr'><strong>alumni</strong></span> <span class='ocrx_word' id='word_1_46' title='bbox 1832 1105 2112 1170; x_wconf 81' lang='lat' dir='ltr'><strong>Bohemis</strong></span> <span class='ocrx_word' id='word_1_47' title='bbox 2152 1115 2219 1168; x_wconf 88' lang='lat' dir='ltr'><strong>ct</strong></span> <span class='ocrx_word' id='word_1_48' title='bbox 2250 1107 2495 1170; x_wconf 83' lang='lat' dir='ltr'><strong>Germa-</strong></span> 
     </span>
     <span class='ocr_line' id='line_1_8' title="bbox 576 1211 2492 1296; baseline 0.001 -24"><span class='ocrx_word' id='word_1_49' title='bbox 576 1214 690 1272; x_wconf 79' lang='lat' dir='ltr'><strong>nis·</strong></span> <span class='ocrx_word' id='word_1_50' title='bbox 761 1213 859 1272; x_wconf 84' lang='lat' dir='ltr'><strong>nli</strong></span> <span class='ocrx_word' id='word_1_51' title='bbox 912 1213 1134 1296; x_wconf 78' lang='lat' dir='ltr'><strong>igitur,</strong></span> <span class='ocrx_word' id='word_1_52' title='bbox 1179 1233 1359 1272; x_wconf 80' lang='lat' dir='ltr'><strong>nnsso</strong></span> <span class='ocrx_word' id='word_1_53' title='bbox 1405 1212 1669 1286; x_wconf 78' lang='lat' dir='ltr'><strong>addicti,</strong></span> <span class='ocrx_word' id='word_1_54' title='bbox 1722 1211 1821 1274; x_wconf 88' lang='lat' dir='ltr'><strong>his</strong></span> <span class='ocrx_word' id='word_1_55' title='bbox 1872 1211 2377 1289; x_wconf 77' lang='lat' dir='ltr'><strong>adversabantur,</strong></span> <span class='ocrx_word' id='word_1_56' title='bbox 2416 1236 2492 1274; x_wconf 87' lang='lat' dir='ltr'><strong>ac</strong></span> 
     </span>
     <span class='ocr_line' id='line_1_9' title="bbox 577 1314 2493 1396; baseline 0.002 -22"><span class='ocrx_word' id='word_1_57' title='bbox 577 1315 654 1375; x_wconf 89' lang='lat' dir='ltr'><strong>de</strong></span> <span class='ocrx_word' id='word_1_58' title='bbox 687 1314 925 1396; x_wconf 84' lang='lat' dir='ltr'><strong>juribus</strong></span> <span class='ocrx_word' id='word_1_59' title='bbox 972 1317 1095 1376; x_wconf 88' lang='lat' dir='ltr'><strong>suis</strong></span> <span class='ocrx_word' id='word_1_60' title='bbox 1143 1315 1382 1376; x_wconf 86' lang='lat' dir='ltr'><strong>tuendis</strong></span> <span class='ocrx_word' id='word_1_61' title='bbox 1424 1315 1775 1396; x_wconf 83' lang='lat' dir='ltr'><strong>popularem</strong></span> <span class='ocrx_word' id='word_1_62' title='bbox 1807 1322 2047 1376; x_wconf 83' lang='lat' dir='ltr'><strong>strenue</strong></span> <span class='ocrx_word' id='word_1_63' title='bbox 2082 1316 2493 1380; x_wconf 73' lang='lat' dir='ltr'><strong>admonebant.</strong></span> 
     </span>
     <span class='ocr_line' id='line_1_10' title="bbox 575 1419 2579 1503; baseline 0.002 -23"><span class='ocrx_word' id='word_1_64' title='bbox 575 1420 843 1499; x_wconf 83' lang='lat' dir='ltr'><strong>Quorum</strong></span> <span class='ocrx_word' id='word_1_65' title='bbox 872 1422 1028 1482; x_wconf 84' lang='lat' dir='ltr'><strong>votis</strong></span> <span class='ocrx_word' id='word_1_66' title='bbox 1054 1419 1150 1481; x_wconf 88' lang='lat' dir='ltr'><strong>bic</strong></span> <span class='ocrx_word' id='word_1_67' title='bbox 1176 1421 1390 1481; x_wconf 88' lang='lat' dir='ltr'><strong>lubens</strong></span> <span class='ocrx_word' id='word_1_68' title='bbox 1419 1420 1897 1502; x_wconf 79' lang='lat' dir='ltr'><strong>obtemperabat,</strong></span> <span class='ocrx_word' id='word_1_69' title='bbox 1926 1421 2282 1503; x_wconf 79' lang='lat' dir='ltr'><strong>explicando</strong></span> <span class='ocrx_word' id='word_1_70' title='bbox 2312 1423 2495 1484; x_wconf 72' lang='lat' dir='ltr'><strong>etiam</strong></span> <span class='ocrx_word' id='word_1_71' title='bbox 2576 1450 2579 1454; x_wconf 93' lang='grc'><em>·</em></span> 
     </span>
     <span class='ocr_line' id='line_1_11' title="bbox 572 1527 2491 1610; baseline 0.001 -21"><span class='ocrx_word' id='word_1_72' title='bbox 572 1530 638 1590; x_wconf 90' lang='lat' dir='ltr'><strong>in</strong></span> <span class='ocrx_word' id='word_1_73' title='bbox 687 1550 894 1588; x_wconf 88' lang='lat' dir='ltr'><strong>eorum</strong></span> <span class='ocrx_word' id='word_1_74' title='bbox 934 1550 1063 1588; x_wconf 88' lang='lat' dir='ltr'><strong>rem</strong></span> <span class='ocrx_word' id='word_1_75' title='bbox 1101 1528 1344 1588; x_wconf 84' lang='lat' dir='ltr'><strong>decreto</strong></span> <span class='ocrx_word' id='word_1_76' title='bbox 1365 1571 1387 1600; x_wconf 92' lang='lat'>‚</span> <span class='ocrx_word' id='word_1_77' title='bbox 1429 1527 1506 1587; x_wconf 86' lang='lat' dir='ltr'><strong>ab</strong></span> <span class='ocrx_word' id='word_1_78' title='bbox 1544 1528 1907 1610; x_wconf 81' lang='lat' dir='ltr'><strong>Imperatore</strong></span> <span class='ocrx_word' id='word_1_79' title='bbox 1947 1549 2174 1590; x_wconf 65' lang='lat' dir='ltr'><strong>cuono</strong></span> <span class='ocrx_word' id='word_1_80' title='bbox 2212 1528 2294 1588; x_wconf 83' lang='lat' dir='ltr'><strong>lv</strong></span> <span class='ocrx_word' id='word_1_81' title='bbox 2338 1548 2491 1592; x_wconf 84' lang='lat' dir='ltr'><strong>anno</strong></span> 
     </span>
     <span class='ocr_line' id='line_1_12' title="bbox 573 1630 2489 1714; baseline 0 -20"><span class='ocrx_word' id='word_1_82' title='bbox 573 1630 731 1694; x_wconf 74' lang='lat'><strong>1347</strong></span> <span class='ocrx_word' id='word_1_83' title='bbox 758 1631 956 1706; x_wconf 80' lang='lat' dir='ltr'><strong>facto,</strong></span> <span class='ocrx_word' id='word_1_84' title='bbox 998 1631 1073 1693; x_wconf 89' lang='lat' dir='ltr'><strong>de</strong></span> <span class='ocrx_word' id='word_1_85' title='bbox 1122 1653 1241 1714; x_wconf 87' lang='lat' dir='ltr'><strong>quo</strong></span> <span class='ocrx_word' id='word_1_86' title='bbox 1278 1631 1500 1692; x_wconf 86' lang='lat' dir='ltr'><strong>Schola</strong></span> <span class='ocrx_word' id='word_1_87' title='bbox 1542 1632 1865 1714; x_wconf 78' lang='lat' dir='ltr'><strong>Pragensis</strong></span> <span class='ocrx_word' id='word_1_88' title='bbox 1885 1675 1906 1707; x_wconf 96' lang='lat'><strong>,</strong></span> <span class='ocrx_word' id='word_1_89' title='bbox 1953 1654 2164 1695; x_wconf 88' lang='lat' dir='ltr'><strong>reeens</strong></span> <span class='ocrx_word' id='word_1_90' title='bbox 2202 1633 2443 1695; x_wconf 87' lang='lat' dir='ltr'><strong>condita</strong></span> <span class='ocrx_word' id='word_1_91' title='bbox 2468 1677 2489 1709; x_wconf 93' lang='lat'><strong>,</strong></span> 
     </span>
     <span class='ocr_line' id='line_1_13' title="bbox 572 1735 2492 1818; baseline 0.001 -20"><span class='ocrx_word' id='word_1_92' title='bbox 572 1735 652 1798; x_wconf 83' lang='lat' dir='ltr'><strong>ad</strong></span> <span class='ocrx_word' id='word_1_93' title='bbox 693 1737 1030 1818; x_wconf 83' lang='lat' dir='ltr'><strong>exemplum</strong></span> <span class='ocrx_word' id='word_1_94' title='bbox 1073 1736 1432 1797; x_wconf 86' lang='lat' dir='ltr'><strong>Parisiensis</strong></span> <span class='ocrx_word' id='word_1_95' title='bbox 1492 1736 1855 1797; x_wconf 87' lang='lat' dir='ltr'><strong>instituenda</strong></span> <span class='ocrx_word' id='word_1_96' title='bbox 1908 1745 2083 1798; x_wconf 86' lang='lat' dir='ltr'><strong>esset.</strong></span> <span class='ocrx_word' id='word_1_97' title='bbox 2158 1738 2347 1799; x_wconf 86' lang='lat' dir='ltr'><strong>Moris</strong></span> <span class='ocrx_word' id='word_1_98' title='bbox 2390 1761 2492 1799; x_wconf 86' lang='lat' dir='ltr'><strong>au-</strong></span> 
     </span>
     <span class='ocr_line' id='line_1_14' title="bbox 569 1824 2491 1925; baseline 0.001 -22"><span class='ocrx_word' id='word_1_99' title='bbox 569 1849 693 1904; x_wconf 86' lang='lat' dir='ltr'><strong>tem</strong></span> <span class='ocrx_word' id='word_1_100' title='bbox 739 1844 804 1902; x_wconf 88' lang='lat' dir='ltr'><strong>in</strong></span> <span class='ocrx_word' id='word_1_101' title='bbox 857 1841 1078 1905; x_wconf 70' lang='lat' dir='ltr'><strong>Schola</strong></span> <span class='ocrx_word' id='word_1_102' title='bbox 1136 1842 1464 1902; x_wconf 72' lang='lat' dir='ltr'><strong>parisiensi</strong></span> <span class='ocrx_word' id='word_1_103' title='bbox 1512 1848 1642 1901; x_wconf 91' lang='lat' dir='ltr'><strong>erat</strong></span> <span class='ocrx_word' id='word_1_104' title='bbox 1662 1884 1683 1915; x_wconf 90' lang='lat'><strong>,</strong></span> <span class='ocrx_word' id='word_1_105' title='bbox 1744 1842 1796 1902; x_wconf 90' lang='lat' dir='ltr'><strong>si</strong></span> <span class='ocrx_word' id='word_1_106' title='bbox 1844 1841 1919 1903; x_wconf 89' lang='lat' dir='ltr'><strong>de</strong></span> <span class='ocrx_word' id='word_1_107' title='bbox 1966 1824 2192 1915; x_wconf 78' lang='lat' dir='ltr'><strong>rebus,</strong></span> <span class='ocrx_word' id='word_1_108' title='bbox 2247 1842 2322 1901; x_wconf 91' lang='lat' dir='ltr'><strong>ad</strong></span> <span class='ocrx_word' id='word_1_109' title='bbox 2362 1843 2491 1925; x_wconf 87' lang='lat' dir='ltr'><strong>ejus</strong></span> 
     </span>
     <span class='ocr_line' id='line_1_15' title="bbox 572 1946 2490 2032; baseline 0 -24"><span class='ocrx_word' id='word_1_110' title='bbox 572 1948 826 2009; x_wconf 85' lang='lat' dir='ltr'><strong>salutem</strong></span> <span class='ocrx_word' id='word_1_111' title='bbox 861 1946 1270 2032; x_wconf 76' lang='lat' dir='ltr'><strong>spectantibus</strong></span> <span class='ocrx_word' id='word_1_112' title='bbox 1285 1991 1306 2020; x_wconf 92' lang='lat'><strong>,</strong></span> <span class='ocrx_word' id='word_1_113' title='bbox 1347 1946 1785 2007; x_wconf 84' lang='lat' dir='ltr'><strong>decernendum</strong></span> <span class='ocrx_word' id='word_1_114' title='bbox 1826 1969 1899 2008; x_wconf 88' lang='lat' dir='ltr'><strong>ac</strong></span> <span class='ocrx_word' id='word_1_115' title='bbox 1937 1968 2037 2014; x_wconf 85' lang='lat' dir='ltr'><strong>res</strong></span> <span class='ocrx_word' id='word_1_116' title='bbox 2073 1946 2369 2030; x_wconf 77' lang='lat' dir='ltr'><strong>suffragiis</strong></span> <span class='ocrx_word' id='word_1_117' title='bbox 2400 1948 2490 2008; x_wconf 86' lang='lat' dir='ltr'><strong>di-</strong></span> 
     </span>
     <span class='ocr_line' id='line_1_16' title="bbox 568 2051 2489 2134; baseline -0.003 -18"><span class='ocrx_word' id='word_1_118' title='bbox 568 2053 840 2116; x_wconf 77' lang='lat' dir='ltr'><strong>rimenda</strong></span> <span class='ocrx_word' id='word_1_119' title='bbox 871 2058 1065 2127; x_wconf 86' lang='lat' dir='ltr'><strong>esset,</strong></span> <span class='ocrx_word' id='word_1_120' title='bbox 1103 2073 1224 2113; x_wconf 88' lang='lat' dir='ltr'><strong>non</strong></span> <span class='ocrx_word' id='word_1_121' title='bbox 1256 2073 1731 2134; x_wconf 82' lang='lat' dir='ltr'><strong>unumquemque</strong></span> <span class='ocrx_word' id='word_1_122' title='bbox 1763 2051 2211 2133; x_wconf 77' lang='lat' dir='ltr'><strong>suffragantium</strong></span> <span class='ocrx_word' id='word_1_123' title='bbox 2234 2052 2489 2133; x_wconf 76' lang='lat' dir='ltr'><strong>respici,</strong></span> 
     </span>
     <span class='ocr_line' id='line_1_17' title="bbox 571 2155 2493 2240; baseline -0.001 -23"><span class='ocrx_word' id='word_1_124' title='bbox 571 2156 682 2218; x_wconf 82' lang='lat' dir='ltr'><strong>sed</strong></span> <span class='ocrx_word' id='word_1_125' title='bbox 709 2156 965 2240; x_wconf 85' lang='lat' dir='ltr'><strong>populos</strong></span> <span class='ocrx_word' id='word_1_126' title='bbox 983 2200 1006 2230; x_wconf 95' lang='lat'><strong>,</strong></span> <span class='ocrx_word' id='word_1_127' title='bbox 1036 2155 1116 2216; x_wconf 87' lang='lat' dir='ltr'><strong>ad</strong></span> <span class='ocrx_word' id='word_1_128' title='bbox 1151 2176 1302 2237; x_wconf 85' lang='lat' dir='ltr'><strong>quos</strong></span> <span class='ocrx_word' id='word_1_129' title='bbox 1323 2156 1716 2238; x_wconf 75' lang='lat' dir='ltr'><strong>suffragantes</strong></span> <span class='ocrx_word' id='word_1_130' title='bbox 1750 2156 2158 2237; x_wconf 80' lang='lat' dir='ltr'><strong>pertinerent3</strong></span> <span class='ocrx_word' id='word_1_131' title='bbox 2190 2161 2367 2236; x_wconf 86' lang='lat' dir='ltr'><strong>atque</strong></span> <span class='ocrx_word' id='word_1_132' title='bbox 2406 2155 2493 2216; x_wconf 88' lang='lat' dir='ltr'><strong>ita</strong></span> 
     </span>
     <span class='ocr_line' id='line_1_18' title="bbox 569 2258 2493 2345; baseline -0.001 -23"><span class='ocrx_word' id='word_1_133' title='bbox 569 2261 810 2345; x_wconf 82' lang='lat' dir='ltr'><strong>quidem</strong></span> <span class='ocrx_word' id='word_1_134' title='bbox 823 2305 843 2335; x_wconf 96' lang='lat'><strong>,</strong></span> <span class='ocrx_word' id='word_1_135' title='bbox 872 2268 940 2322; x_wconf 90' lang='lat' dir='ltr'><strong>ut</strong></span> <span class='ocrx_word' id='word_1_136' title='bbox 961 2260 1080 2342; x_wconf 87' lang='lat' dir='ltr'><strong>ipsi</strong></span> <span class='ocrx_word' id='word_1_137' title='bbox 1100 2259 1523 2322; x_wconf 87' lang='lat' dir='ltr'><strong>Franco-Galli</strong></span> <span class='ocrx_word' id='word_1_138' title='bbox 1540 2261 1644 2342; x_wconf 89' lang='lat' dir='ltr'><strong>jus</strong></span> <span class='ocrx_word' id='word_1_139' title='bbox 1670 2261 1851 2320; x_wconf 87' lang='lat' dir='ltr'><strong>trium</strong></span> <span class='ocrx_word' id='word_1_140' title='bbox 1874 2258 2165 2320; x_wconf 87' lang='lat' dir='ltr'><strong>haberent</strong></span> <span class='ocrx_word' id='word_1_141' title='bbox 2182 2260 2493 2344; x_wconf 79' lang='lat' dir='ltr'><strong>suffragio-</strong></span> 
     </span>
     <span class='ocr_line' id='line_1_19' title="bbox 567 2365 2489 2439; baseline 0.001 -11"><span class='ocrx_word' id='word_1_142' title='bbox 567 2386 733 2439; x_wconf 85' lang='lat' dir='ltr'><strong>rum,</strong></span> <span class='ocrx_word' id='word_1_143' title='bbox 769 2367 964 2427; x_wconf 78' lang='lat' dir='ltr'><strong>exteri</strong></span> <span class='ocrx_word' id='word_1_144' title='bbox 995 2386 1140 2428; x_wconf 80' lang='lat' dir='ltr'><strong>vero</strong></span> <span class='ocrx_word' id='word_1_145' title='bbox 1166 2388 1286 2427; x_wconf 88' lang='lat' dir='ltr'><strong>non</strong></span> <span class='ocrx_word' id='word_1_146' title='bbox 1313 2366 1428 2426; x_wconf 85' lang='lat' dir='ltr'><strong>nisi</strong></span> <span class='ocrx_word' id='word_1_147' title='bbox 1457 2388 1577 2427; x_wconf 90' lang='lat' dir='ltr'><strong>uno</strong></span> <span class='ocrx_word' id='word_1_148' title='bbox 1611 2374 1941 2428; x_wconf 88' lang='lat' dir='ltr'><strong>uterentur.</strong></span> <span class='ocrx_word' id='word_1_149' title='bbox 1988 2365 2111 2428; x_wconf 88' lang='lat' dir='ltr'><strong>Sed</strong></span> <span class='ocrx_word' id='word_1_150' title='bbox 2142 2388 2400 2429; x_wconf 63' lang='lat' dir='ltr'><strong>canotus</strong></span> <span class='ocrx_word' id='word_1_151' title='bbox 2426 2367 2489 2430; x_wconf 91' lang='lat' dir='ltr'><strong>in</strong></span> 
     </span>
     <span class='ocr_line' id='line_1_20' title="bbox 569 2469 2487 2555; baseline 0.001 -25"><span class='ocrx_word' id='word_1_152' title='bbox 569 2469 790 2531; x_wconf 66' lang='lat' dir='ltr'><strong>Schola</strong></span> <span class='ocrx_word' id='word_1_153' title='bbox 829 2471 902 2529; x_wconf 82' lang='grc' dir='ltr'><strong>Ρι</strong></span> <span class='ocrx_word' id='word_1_154' title='bbox 914 2470 1119 2551; x_wconf 77' lang='lat' dir='ltr'><strong>agensi</strong></span> <span class='ocrx_word' id='word_1_155' title='bbox 1136 2511 1157 2542; x_wconf 91' lang='lat'><strong>,</strong></span> <span class='ocrx_word' id='word_1_156' title='bbox 1206 2490 1328 2529; x_wconf 88' lang='lat' dir='ltr'><strong>non</strong></span> <span class='ocrx_word' id='word_1_157' title='bbox 1375 2469 1651 2531; x_wconf 88' lang='lat' dir='ltr'><strong>obstante</strong></span> <span class='ocrx_word' id='word_1_158' title='bbox 1696 2471 1943 2532; x_wconf 89' lang='lat' dir='ltr'><strong>decreto</strong></span> <span class='ocrx_word' id='word_1_159' title='bbox 1993 2479 2353 2547; x_wconf 87' lang='lat' dir='ltr'><strong>memorato,</strong></span> <span class='ocrx_word' id='word_1_160' title='bbox 2382 2473 2487 2555; x_wconf 87' lang='lat' dir='ltr'><strong>jus</strong></span> 
     </span>
     <span class='ocr_line' id='line_1_21' title="bbox 565 2575 2487 2658; baseline 0.002 -21"><span class='ocrx_word' id='word_1_161' title='bbox 565 2578 749 2637; x_wconf 84' lang='lat' dir='ltr'><strong>trium</strong></span> <span class='ocrx_word' id='word_1_162' title='bbox 799 2576 1214 2658; x_wconf 77' lang='lat' dir='ltr'><strong>suffragiorum</strong></span> <span class='ocrx_word' id='word_1_163' title='bbox 1269 2583 1649 2636; x_wconf 84' lang='lat' dir='ltr'><strong>concesserat</strong></span> <span class='ocrx_word' id='word_1_164' title='bbox 1687 2575 1995 2637; x_wconf 83' lang='lat' dir='ltr'><strong>Germanis</strong></span> <span class='ocrx_word' id='word_1_165' title='bbox 2017 2621 2037 2651; x_wconf 96' lang='lat'><strong>,</strong></span> <span class='ocrx_word' id='word_1_166' title='bbox 2090 2579 2155 2637; x_wconf 88' lang='lat' dir='ltr'><strong>in</strong></span> <span class='ocrx_word' id='word_1_167' title='bbox 2190 2578 2487 2655; x_wconf 85' lang='lat' dir='ltr'><strong>Polonos,</strong></span> 
     </span>
     <span class='ocr_line' id='line_1_22' title="bbox 565 2679 2489 2762; baseline 0.001 -21"><span class='ocrx_word' id='word_1_168' title='bbox 565 2680 830 2743; x_wconf 85' lang='lat' dir='ltr'><strong>Bavaros</strong></span> <span class='ocrx_word' id='word_1_169' title='bbox 873 2686 936 2742; x_wconf 90' lang='lat' dir='ltr'><strong>et</strong></span> <span class='ocrx_word' id='word_1_170' title='bbox 975 2680 1244 2741; x_wconf 82' lang='lat' dir='ltr'><strong>Saxones</strong></span> <span class='ocrx_word' id='word_1_171' title='bbox 1284 2679 1658 2755; x_wconf 86' lang='lat' dir='ltr'><strong>distributis,</strong></span> <span class='ocrx_word' id='word_1_172' title='bbox 1700 2686 1914 2762; x_wconf 84' lang='lat' dir='ltr'><strong>quarto</strong></span> <span class='ocrx_word' id='word_1_173' title='bbox 1951 2687 2181 2741; x_wconf 82' lang='lat' dir='ltr'><strong>tantum</strong></span> <span class='ocrx_word' id='word_1_174' title='bbox 2208 2682 2489 2743; x_wconf 83' lang='lat' dir='ltr'><strong>Bohemis</strong></span> 
     </span>
     <span class='ocr_line' id='line_1_23' title="bbox 565 2784 2489 2869; baseline 0.001 -23"><span class='ocrx_word' id='word_1_175' title='bbox 565 2784 781 2847; x_wconf 83' lang='lat' dir='ltr'><strong>relicto</strong></span> <span class='ocrx_word' id='word_1_176' title='bbox 841 2785 949 2869; x_wconf 74' lang='lat'><strong>(2).</strong></span> <span class='ocrx_word' id='word_1_177' title='bbox 1057 2784 1338 2846; x_wconf 82' lang='lat' dir='ltr'><strong>Germani</strong></span> <span class='ocrx_word' id='word_1_178' title='bbox 1391 2785 1583 2867; x_wconf 80' lang='lat' dir='ltr'><strong>igitur</strong></span> <span class='ocrx_word' id='word_1_179' title='bbox 1642 2784 1977 2845; x_wconf 86' lang='lat' dir='ltr'><strong>etiamnunc</strong></span> <span class='ocrx_word' id='word_1_180' title='bbox 2037 2788 2155 2845; x_wconf 87' lang='lat' dir='ltr'><strong>tria</strong></span> <span class='ocrx_word' id='word_1_181' title='bbox 2215 2786 2489 2848; x_wconf 78' lang='lat' dir='ltr'><strong>ferebant</strong></span> 
     </span>
     <span class='ocr_line' id='line_1_24' title="bbox 567 2887 2487 2975; baseline 0 -24"><span class='ocrx_word' id='word_1_182' title='bbox 567 2891 884 2975; x_wconf 80' lang='lat' dir='ltr'><strong>suffragia3</strong></span> <span class='ocrx_word' id='word_1_183' title='bbox 937 2911 1088 2972; x_wconf 85' lang='lat' dir='ltr'><strong>quae</strong></span> <span class='ocrx_word' id='word_1_184' title='bbox 1135 2897 1342 2951; x_wconf 88' lang='lat' dir='ltr'><strong>contra</strong></span> <span class='ocrx_word' id='word_1_185' title='bbox 1363 2933 1383 2963; x_wconf 95' lang='lat'><strong>,</strong></span> <span class='ocrx_word' id='word_1_186' title='bbox 1436 2911 1516 2949; x_wconf 84' lang='lat' dir='ltr'><strong>ex</strong></span> <span class='ocrx_word' id='word_1_187' title='bbox 1556 2908 1767 2949; x_wconf 68' lang='lat' dir='ltr'><strong>canon</strong></span> <span class='ocrx_word' id='word_1_188' title='bbox 1804 2895 2035 2962; x_wconf 73' lang='lat' dir='ltr'><strong>mente,</strong></span> <span class='ocrx_word' id='word_1_189' title='bbox 2088 2887 2487 2951; x_wconf 87' lang='lat' dir='ltr'><strong>Bobemorum</strong></span> 
     </span>
     <span class='ocr_line' id='line_1_25' title="bbox 566 2994 2485 3073; baseline -0.002 -16"><span class='ocrx_word' id='word_1_190' title='bbox 566 3016 698 3057; x_wconf 84' lang='lat' dir='ltr'><strong>esse</strong></span> <span class='ocrx_word' id='word_1_191' title='bbox 725 3038 744 3065; x_wconf 86' lang='lat'>‚</span> <span class='ocrx_word' id='word_1_192' title='bbox 799 2995 1071 3057; x_wconf 86' lang='lat' dir='ltr'><strong>evincere</strong></span> <span class='ocrx_word' id='word_1_193' title='bbox 1131 2994 1461 3057; x_wconf 85' lang='lat' dir='ltr'><strong>conabatur</strong></span> <span class='ocrx_word' id='word_1_194' title='bbox 1512 3014 1725 3054; x_wconf 69' lang='lat' dir='ltr'><strong>nessus</strong></span> <span class='ocrx_word' id='word_1_195' title='bbox 1742 3038 1762 3068; x_wconf 95' lang='lat'><strong>,</strong></span> <span class='ocrx_word' id='word_1_196' title='bbox 1820 3013 2095 3055; x_wconf 65' lang='lat' dir='ltr'><strong>manum</strong></span> <span class='ocrx_word' id='word_1_197' title='bbox 2145 3014 2273 3053; x_wconf 87' lang='lat' dir='ltr'><strong>rem</strong></span> <span class='ocrx_word' id='word_1_198' title='bbox 2314 2996 2485 3073; x_wconf 74' lang='lat' dir='ltr'><strong>facto</strong></span> 
     </span>
     <span class='ocr_line' id='line_1_26' title="bbox 563 3096 2484 3181; baseline -0.001 -21"><span class='ocrx_word' id='word_1_199' title='bbox 563 3100 743 3162; x_wconf 83' lang='lat' dir='ltr'><strong>aliter</strong></span> <span class='ocrx_word' id='word_1_200' title='bbox 787 3101 1158 3162; x_wconf 86' lang='lat' dir='ltr'><strong>solummodo</strong></span> <span class='ocrx_word' id='word_1_201' title='bbox 1189 3099 1497 3160; x_wconf 83' lang='lat' dir='ltr'><strong>ordinasse</strong></span> <span class='ocrx_word' id='word_1_202' title='bbox 1532 3098 1931 3173; x_wconf 84' lang='lat' dir='ltr'><strong>contendens,</strong></span> <span class='ocrx_word' id='word_1_203' title='bbox 1958 3104 2279 3181; x_wconf 86' lang='lat' dir='ltr'><strong>propterea</strong></span> <span class='ocrx_word' id='word_1_204' title='bbox 2320 3096 2484 3181; x_wconf 83' lang='lat' dir='ltr'><strong>quod</strong></span> 
     </span>
     <span class='ocr_line' id='line_1_27' title="bbox 561 3200 2484 3289; baseline -0.001 -24"><span class='ocrx_word' id='word_1_205' title='bbox 561 3202 729 3265; x_wconf 84' lang='lat' dir='ltr'><strong>illius</strong></span> <span class='ocrx_word' id='word_1_206' title='bbox 785 3211 979 3265; x_wconf 88' lang='lat' dir='ltr'><strong>aetate</strong></span> <span class='ocrx_word' id='word_1_207' title='bbox 1031 3200 1280 3267; x_wconf 88' lang='lat' dir='ltr'><strong>Bohemi</strong></span> <span class='ocrx_word' id='word_1_208' title='bbox 1329 3204 1394 3263; x_wconf 90' lang='lat' dir='ltr'><strong>in</strong></span> <span class='ocrx_word' id='word_1_209' title='bbox 1445 3202 1813 3264; x_wconf 87' lang='lat' dir='ltr'><strong>Litterarum</strong></span> <span class='ocrx_word' id='word_1_210' title='bbox 1863 3203 2059 3264; x_wconf 88' lang='lat' dir='ltr'><strong>studia</strong></span> <span class='ocrx_word' id='word_1_211' title='bbox 2104 3204 2343 3289; x_wconf 80' lang='lat' dir='ltr'><strong>segnius</strong></span> <span class='ocrx_word' id='word_1_212' title='bbox 2394 3204 2484 3263; x_wconf 90' lang='lat' dir='ltr'><strong>in-</strong></span> 
     </span>
    </p>
   </div>
   <div class='ocr_carea' id='block_1_3' title="bbox 563 3307 2483 3475">
    <p class='ocr_par' dir='ltr' id='par_1_3' title="bbox 563 3307 2483 3475">
     <span class='ocr_line' id='line_1_28' title="bbox 563 3307 2483 3396; baseline -0.001 -25"><span class='ocrx_word' id='word_1_213' title='bbox 563 3308 910 3371; x_wconf 83' lang='lat' dir='ltr'><strong>cumberent</strong></span> <span class='ocrx_word' id='word_1_214' title='bbox 958 3308 1070 3396; x_wconf 82' lang='lat'><strong>(3).</strong></span> <span class='ocrx_word' id='word_1_215' title='bbox 1163 3307 1391 3373; x_wconf 81' lang='lat' dir='ltr'><strong>Audito</strong></span> <span class='ocrx_word' id='word_1_216' title='bbox 1448 3308 1566 3371; x_wconf 85' lang='lat' dir='ltr'><strong>boe</strong></span> <span class='ocrx_word' id='word_1_217' title='bbox 1619 3328 1787 3370; x_wconf 81' lang='lat' dir='ltr'><strong>uuss1</strong></span> <span class='ocrx_word' id='word_1_218' title='bbox 1838 3330 2109 3371; x_wconf 88' lang='lat' dir='ltr'><strong>sermone</strong></span> <span class='ocrx_word' id='word_1_219' title='bbox 2127 3353 2149 3385; x_wconf 93' lang='lat'><em>‚</em></span> <span class='ocrx_word' id='word_1_220' title='bbox 2205 3309 2483 3371; x_wconf 86' lang='lat' dir='ltr'><strong>Rectoris</strong></span> 
     </span>
     <span class='ocr_line' id='line_1_29' title="bbox 2371 3433 2481 3475; baseline 0.009 -1"><span class='ocrx_word' id='word_1_221' title='bbox 2371 3433 2481 3475; x_wconf 88' lang='lat' dir='ltr'><strong>no-</strong></span> 
     </span>
    </p>
   </div>
   <div class='ocr_carea' id='block_1_4' title="bbox 558 3560 854 3579">
    <p class='ocr_par' dir='ltr' id='par_1_4' title="bbox 558 3560 854 3579">
     <span class='ocr_line' id='line_1_30' title="bbox 558 3560 854 3579; baseline 0 0"><span class='ocrx_word' id='word_1_222' title='bbox 558 3560 854 3579; x_wconf 95' lang='lat' dir='ltr'><strong> </strong></span> 
     </span>
    </p>
   </div>
   <div class='ocr_carea' id='block_1_5' title="bbox 557 3666 2483 3835">
    <p class='ocr_par' dir='ltr' id='par_1_5' title="bbox 557 3666 2483 3835">
     <span class='ocr_line' id='line_1_31' title="bbox 635 3666 2483 3743; baseline 0 -18"><span class='ocrx_word' id='word_1_223' title='bbox 635 3672 715 3743; x_wconf 89' lang='lat'><strong>(1)</strong></span> <span class='ocrx_word' id='word_1_224' title='bbox 789 3670 882 3727; x_wconf 83' lang='lat' dir='ltr'><strong>His</strong></span> <span class='ocrx_word' id='word_1_225' title='bbox 935 3668 996 3725; x_wconf 87' lang='lat' dir='ltr'><strong>in</strong></span> <span class='ocrx_word' id='word_1_226' title='bbox 1040 3666 1426 3727; x_wconf 82' lang='lat' dir='ltr'><strong>certaminibus</strong></span> <span class='ocrx_word' id='word_1_227' title='bbox 1483 3686 1609 3725; x_wconf 88' lang='lat' dir='ltr'><strong>eum</strong></span> <span class='ocrx_word' id='word_1_228' title='bbox 1656 3668 1861 3743; x_wconf 84' lang='lat' dir='ltr'><strong>saepius</strong></span> <span class='ocrx_word' id='word_1_229' title='bbox 1908 3669 1977 3725; x_wconf 86' lang='lat' dir='ltr'><strong>ad</strong></span> <span class='ocrx_word' id='word_1_230' title='bbox 2014 3688 2160 3725; x_wconf 83' lang='lat' dir='ltr'><strong>arma</strong></span> <span class='ocrx_word' id='word_1_231' title='bbox 2198 3687 2483 3726; x_wconf 84' lang='lat' dir='ltr'><strong>concurre-</strong></span> 
     </span>
     <span class='ocr_line' id='line_1_32' title="bbox 557 3758 2481 3835; baseline -0.001 -19"><span class='ocrx_word' id='word_1_232' title='bbox 557 3770 710 3828; x_wconf 83' lang='lat' dir='ltr'><strong>rent,</strong></span> <span class='ocrx_word' id='word_1_233' title='bbox 748 3760 1036 3815; x_wconf 83' lang='lat' dir='ltr'><strong>identidem</strong></span> <span class='ocrx_word' id='word_1_234' title='bbox 1070 3758 1248 3835; x_wconf 83' lang='lat' dir='ltr'><strong>plures</strong></span> <span class='ocrx_word' id='word_1_235' title='bbox 1281 3758 1614 3828; x_wconf 78' lang='lat' dir='ltr'><strong>vulneratos,</strong></span> <span class='ocrx_word' id='word_1_236' title='bbox 1660 3758 1942 3815; x_wconf 82' lang='lat' dir='ltr'><strong>nonnullos</strong></span> <span class='ocrx_word' id='word_1_237' title='bbox 1977 3758 2143 3815; x_wconf 75' lang='lat' dir='ltr'><strong>etiam</strong></span> <span class='ocrx_word' id='word_1_238' title='bbox 2177 3758 2481 3816; x_wconf 80' lang='lat' dir='ltr'><strong>interfectos</strong></span> 
     </span>
    </p>
   </div>
   <div class='ocr_carea' id='block_1_6' title="bbox 557 3845 2275 4039">
    <p class='ocr_par' dir='ltr' id='par_1_6' title="bbox 557 3845 2275 4039">
     <span class='ocr_line' id='line_1_33' title="bbox 557 3845 1742 3922; baseline 0.001 -19"><span class='ocrx_word' id='word_1_239' title='bbox 557 3845 749 3917; x_wconf 73' lang='lat' dir='ltr'><strong>fuisse,</strong></span> <span class='ocrx_word' id='word_1_240' title='bbox 790 3858 977 3903; x_wconf 83' lang='lat' dir='ltr'><strong>narrat</strong></span> <span class='ocrx_word' id='word_1_241' title='bbox 1011 3864 1358 3918; x_wconf 72' lang='lat' dir='ltr'><strong>rnsosun,</strong></span> <span class='ocrx_word' id='word_1_242' title='bbox 1394 3849 1434 3903; x_wconf 74' lang='lat' dir='ltr'><strong>l.</strong></span> <span class='ocrx_word' id='word_1_243' title='bbox 1473 3848 1514 3905; x_wconf 80' lang='lat'><strong>1.</strong></span> <span class='ocrx_word' id='word_1_244' title='bbox 1545 3868 1609 3922; x_wconf 73' lang='lat' dir='ltr'><strong>p.</strong></span> <span class='ocrx_word' id='word_1_245' title='bbox 1652 3856 1742 3904; x_wconf 73' lang='lat'><strong>12.</strong></span> 
     </span>
     <span class='ocr_line' id='line_1_34' title="bbox 631 3956 2275 4039; baseline 0.004 -28"><span class='ocrx_word' id='word_1_246' title='bbox 631 3956 710 4030; x_wconf 65' lang='grc' dir='ltr'><strong>(Β)</strong></span> <span class='ocrx_word' id='word_1_247' title='bbox 783 3976 1040 4029; x_wconf 65' lang='lat' dir='ltr'><strong>runt,</strong></span> <span class='ocrx_word' id='word_1_248' title='bbox 1076 3961 1548 4039; x_wconf 62' lang='lat' dir='ltr'><strong>lebmyesehs‘ch.</strong></span> <span class='ocrx_word' id='word_1_249' title='bbox 1586 3980 1647 4017; x_wconf 77' lang='lat' dir='ltr'><strong>ss.</strong></span> <span class='ocrx_word' id='word_1_250' title='bbox 1661 3980 1708 4017; x_wconf 84' lang='lat' dir='ltr'><strong>s.</strong></span> <span class='ocrx_word' id='word_1_251' title='bbox 1723 3982 1794 4016; x_wconf 78' lang='grc' dir='ltr'><strong>ω.</strong></span> <span class='ocrx_word' id='word_1_252' title='bbox 1836 3965 1895 4017; x_wconf 80' lang='lat' dir='ltr'><strong>T.</strong></span> <span class='ocrx_word' id='word_1_253' title='bbox 1930 3963 2013 4018; x_wconf 86' lang='grc' dir='ltr'><strong>ῙῙ.</strong></span> <span class='ocrx_word' id='word_1_254' title='bbox 2037 3980 2104 4035; x_wconf 74' lang='lat'><strong>1²·</strong></span> <span class='ocrx_word' id='word_1_255' title='bbox 2142 3966 2275 4019; x_wconf 75' lang='lat'><strong>544.</strong></span> 
     </span>
    </p>
   </div>
   <div class='ocr_carea' id='block_1_7' title="bbox 631 4066 2482 4164">
    <p class='ocr_par' dir='ltr' id='par_1_7' title="bbox 631 4066 2482 4164">
     <span class='ocr_line' id='line_1_35' title="bbox 631 4066 2482 4164; baseline 0.009 -43"><span class='ocrx_word' id='word_1_256' title='bbox 631 4066 718 4145; x_wconf 75' lang='grc'><strong>(3)</strong></span> <span class='ocrx_word' id='word_1_257' title='bbox 786 4083 1128 4145; x_wconf 72' lang='lat' dir='ltr'><strong>mosam,</strong></span> <span class='ocrx_word' id='word_1_258' title='bbox 1165 4069 1205 4127; x_wconf 81' lang='lat' dir='ltr'><strong>l.</strong></span> <span class='ocrx_word' id='word_1_259' title='bbox 1244 4071 1286 4129; x_wconf 78' lang='lat'><strong>1.</strong></span> <span class='ocrx_word' id='word_1_260' title='bbox 1317 4091 1380 4147; x_wconf 66' lang='grc' dir='ltr'><strong>ρ.</strong></span> <span class='ocrx_word' id='word_1_261' title='bbox 1421 4080 1513 4131; x_wconf 76' lang='lat'><strong>18.</strong></span> <span class='ocrx_word' id='word_1_262' title='bbox 1586 4088 1878 4164; x_wconf 61' lang='lat' dir='ltr'><strong>sursus,</strong></span> <span class='ocrx_word' id='word_1_263' title='bbox 1918 4076 2055 4135; x_wconf 57' lang='lat' dir='ltr'><strong>Esse.</strong></span> <span class='ocrx_word' id='word_1_264' title='bbox 2092 4074 2172 4135; x_wconf 68' lang='grc' dir='ltr'><strong>δα</strong></span> <span class='ocrx_word' id='word_1_265' title='bbox 2206 4078 2371 4137; x_wconf 72' lang='lat' dir='ltr'><strong>Gom.</strong></span> <span class='ocrx_word' id='word_1_266' title='bbox 2409 4073 2482 4137; x_wconf 70' lang='lat' dir='ltr'><strong>ds</strong></span> 
     </span>
    </p>
   </div>
   <div class='ocr_carea' id='block_1_8' title="bbox 2924 1545 2934 2056">
    <p class='ocr_par' dir='ltr' id='par_1_8' title="bbox 2924 1545 2934 2056">
     <span class='ocr_line' id='line_1_36' title="bbox 2924 1545 2934 2056; baseline 0 0"><span class='ocrx_word' id='word_1_267' title='bbox 2924 1545 2934 2056; x_wconf 95' lang='lat' dir='ltr'><strong> </strong></span> 
     </span>
    </p>
   </div>
  </div>
 </body>
</html>
