2976 4737
1432 439 1527 514 37

593 631 712 704 At,
739 649 862 690 non
886 626 1266 690 obstantibus
1299 626 1396 688 bis
1427 625 1705 688 omnibus
1723 669 1743 701 ,
1774 645 1987 688 nussus
2000 667 2021 702 ,
2044 626 2457 689 Constanti-n

519 735 795 795 abiturus
815 775 836 806 ‚
890 737 1117 792 sortem
1153 753 1320 792 suam
1363 731 1803 814 quodammodo
1836 734 2248 816 praesensisse
2290 733 2457 795 vide-

519 847 643 901 tur.
719 837 898 916 Quod
948 837 1078 918 jam
1121 838 1320 920 arguit
1372 837 1649 920 Epistola
1698 838 2014 922 obsignata
2041 883 2062 914 ,
2119 862 2297 922 quam
2327 841 2459 902 Ma-

522 947 716 1028 gistro
743 963 1008 1004 numo
1047 943 1377 1024 reliquerat
1390 987 1411 1017 ,
1449 943 1740 1024 cujusque
1764 943 1831 1002 in
1859 944 2061 1006 fronte
2094 948 2454 1029 scripseratz

518 1052 694 1129 Roqo
731 1057 827 1126 te,
863 1051 1032 1130 quod
1069 1054 1256 1111 istam
1285 1050 1565 1110 litteram
1602 1067 1731 1110 non
1763 1055 2017 1128 aperias
2026 1095 2057 1128 ,
2090 1056 2223 1113 nisi
2248 1059 2457 1114 eum

510 1158 720 1237 fuen'a
767 1158 846 1218 de
884 1157 1039 1234 hoo,
1089 1156 1259 1236 quod
1297 1159 1424 1216 sim
1474 1161 1759 1216 mortuus
1802 1154 1912 1236 (1).
1988 1155 2227 1217 Clarius
2274 1157 2455 1218 eiiam

516 1261 674 1322 illud
715 1267 1015 1322 testantur
1071 1261 1318 1322 litterae
1335 1305 1356 1335 ,
1411 1283 1561 1342 quas
1612 1260 1825 1322 eodem
1870 1267 2140 1344 tempore
2188 1261 2454 1345 Progen-

515 1367 684 1429 sibus
721 1367 910 1428 dedit.
986 1365 1055 1426 ln
1101 1366 1196 1428 his
1236 1367 1393 1428 enim
1433 1367 1726 1450 legimus:
1794 1366 2025 1430 Verum
2066 1387 2179 1446 eqo
2216 1371 2453 1449 confido

511 1473 684 1549 Deo,
738 1471 1080 1535 ,Salvator-i
1141 1493 1277 1535 meo
1341 1477 1787 1551 omnipotenti,
1842 1478 1954 1554 qui
2005 1473 2319 1554 Spiritum
2375 1472 2451 1536 S.

511 1597 698 1641 anum
759 1579 967 1654 dabit,
1011 1583 1088 1639 nt
1135 1581 1375 1656 possim
1427 1596 1567 1638 esse
1612 1584 2023 1657 contemptore
2086 1585 2295 1642 animo
2342 1581 2452 1642 ad-

512 1701 734 1745 versus
767 1687 1164 1760 tentationes,
1207 1702 1520 1743 carcerem
1556 1701 1634 1743 oe
1668 1684 2048 1761 supplicium
2077 1687 2256 1747 dirae
2288 1704 2451 1747 mor-

513 1791 614 1849 tis.
690 1787 874 1848 ltemz
947 1788 1103 1849 Jam
1156 1789 1322 1868 forte
1375 1785 1633 1862 Praqae
1684 1804 1785 1846 me
1832 1803 2023 1862 porro
2077 1805 2201 1848 non
2250 1792 2452 1850 visuri

510 1898 664 1955 estis
715 1891 826 1974 (2).
913 1892 1036 1952 Sed
1094 1891 1364 1974 quamvis
1419 1891 1508 1949 ita
1564 1889 1628 1947 in
1677 1887 1943 1950 futurum
1987 1893 2397 1973 prospiciebat
2426 1937 2446 1969 ,

509 1999 894 2059 nihilominus
908 2042 928 2072 ,
958 1999 1068 2058 sna
1090 1996 1284 2056 fretus
1309 1993 1683 2066 innocentia,
1712 1993 2125 2055 Constantiam
2151 1995 2301 2056 abiit
2320 1995 2446 2075 (3),

512 2104 939 2164 comitantibus
974 2123 1112 2162 eum
1149 2119 1371 2160 somus
1412 2119 1490 2158 nn
1523 2117 1755 2171 cuum,
1795 2117 2147 2160 wnucnsno
2177 2121 2255 2161 nn
2289 2119 2448 2162 nunA

516 2214 578 2268 et
629 2228 878 2268 nsnnlco
931 2225 1337 2266 nurmunocx.
1429 2203 1499 2262 In
1552 2203 1894 2286 praecipuis
1915 2248 1936 2278 ,
1994 2226 2143 2286 quas
2197 2206 2403 2269 visitat
2421 2251 2443 2281 ‚

515 2311 763 2372 urbibus
816 2311 1054 2374 litteras
1107 2309 1234 2371 edit
1273 2307 1517 2391 publice
1531 2350 1551 2383 ,
1593 2309 1810 2391 quibus
1846 2331 2321 2394 unumquemque
2356 2313 2447 2374 in-

511 2418 666 2476 vitat
683 2459 704 2490 ,
771 2416 869 2477 cui
924 2415 1192 2477 haeresis
1253 2418 1567 2495 suspectus
1614 2412 1694 2473 sit
1711 2458 1732 2488 ,
1779 2421 1849 2474 ut
1899 2422 2310 2479 accusationes
2364 2416 2447 2479 ad

512 2519 847 2582 Concilium
894 2520 1131 2583 deferat
1170 2520 1282 2603 (4).
1359 2518 1625 2580 Maxima
1659 2526 1858 2582 autem
1901 2522 2181 2584 comitate
2220 2522 2445 2605 ubique

2338 2650 2444 2690 ex-

511 2843 842 2901 rader-lanas
867 2888 890 2913 ,
945 2850 1001 2901 T.
1044 2848 1135 2904 11².
1182 2867 1248 2921 Ρ.
1296 2847 1450 2920 343.)
1471 2886 1488 2916 ,
1550 2860 1951 2904 smtsnmmun
2007 2844 2077 2900 iis
2124 2844 2444 2921 neutiquam

501 2930 822 2991 obstrictum
854 2934 1014 2991 fuisse
1033 2976 1051 3006 ,
1091 2945 1154 2991 ut
1194 2954 1371 2993 nusso
1411 2934 1737 2991 incolumem
1774 2934 1836 2989 in
1870 2933 2179 2993 Bohemiam
2206 2934 2445 2992 reditum

504 3023 836 3081 conciliaret.
904 3024 991 3080 Ad
1021 3026 1160 3101 quod
1196 3025 1336 3083 Clar.
1369 3042 1642 3083 nunu!
1656 3064 1673 3095 ‚
1706 3023 1875 3098 operis
1895 3023 2295 3099 Bilderdykiani
2326 3022 2444 3078 edi-

502 3118 588 3165 tor
604 3152 620 3180 ,
657 3114 1028 3168 tantummodo
1055 3122 1207 3169 notat
1223 3155 1239 3183 ,
1277 3132 1549 3171 cinonm
1594 3118 1641 3170 V
1683 3113 1749 3168 de
1784 3111 1972 3168 salutis
2002 3112 2235 3189 Epistola
2254 3153 2272 3183 ,
2322 3133 2355 3168 a
2389 3131 2444 3168 se

503 3217 770 3258 nunno
806 3202 930 3257 data
943 3243 960 3271 ,
998 3202 1155 3278 longe
1191 3203 1352 3259 aliter
1377 3204 1717 3260 existimasse.

581 3298 663 3381 (l)
737 3309 877 3361 Haeo
921 3304 1150 3379 Epistola
1168 3347 1184 3373 ,
1236 3326 1372 3382 quae
1414 3325 1590 3364 nusst
1634 3316 1899 3381 tanquam
1946 3310 2343 3362 Testamentum
2378 3324 2443 3361 ae

503 3390 632 3449 fidei
684 3392 1067 3450 confessionem
1127 3397 1367 3453 continet
1391 3436 1408 3467 ,
1473 3394 1739 3471 reperitur
1796 3396 1859 3450 in
1909 3396 2045 3451 mse.
2100 3406 2157 3450 et
2200 3397 2441 3449 Monam.

507 3485 565 3539 T.
600 3486 650 3538 Ῑ.
696 3502 765 3556 Ρ.
805 3491 927 3541 57⁸.

578 3588 658 3659 (2)
733 3605 904 3645 nussl
940 3593 1080 3648 Hise.
1123 3604 1180 3647 et
1215 3596 1456 3648 Monmn.
1503 3595 1561 3646 Τ.
1605 3594 1656 3646 I.
1680 3610 1747 3664 Ρ.
1786 3595 1889 3646 57·
1916 3607 1999 3662 sq.
2092 3598 2402 3642 antonum
2420 3624 2438 3654 ,

506 3673 544 3729 l.
584 3676 623 3733 l.
657 3697 718 3749 Ρ.
761 3684 855 3735 37.
933 3696 1128 3735 nonno
1147 3719 1166 3751 ‚
1209 3700 1260 3738 o.
1292 3680 1331 3736 l.
1364 3685 1422 3736 Τ.
1451 3684 1503 3736 I.
1524 3699 1587 3753 Ρ.
1614 3685 1690 3735 24
1719 3696 1836 3752 sqq.

580 3783 658 3855 (3)
737 3786 812 3838 De
865 3782 1046 3840 abitsts
1081 3786 1167 3842 die
1217 3786 1298 3842 ita
1331 3784 1589 3841 differunt
1643 3792 1910 3851 auetoreS,
1955 3788 2020 3835 ut
2066 3778 2273 3856 aliquid
2306 3780 2439 3837 certi

507 3867 570 3923 de
614 3890 674 3929 eo
695 3881 926 3929 statuere
963 3872 1190 3930 difficile
1224 3876 1314 3931 sit.

588 3974 668 4047 (4)
743 3994 912 4034 nuss1
948 3981 1086 4034 Habe.
1137 3990 1194 4035 et
1231 3983 1474 4037 Momm.
1529 3983 1586 4034 Τ.
1614 3981 1662 4035 Ι.
1693 3998 1759 4051 Ρ.
1786 3982 1870 4032 ⁴⁸.
1948 3991 2235 4035 snumn
2253 4014 2271 4045 ‚
2324 3974 2363 4030 1.
2396 3974 2435 4031 l.

499 4082 564 4134 Ρ.
601 4069 694 4119 61.
775 4082 1009 4137 surm,
1049 4066 1090 4123 1.
1128 4066 1168 4123 1.
1199 4087 1263 4141 Ρ.
1307 4075 1416 4124 180
1453 4086 1537 4141 sq.
