2976 4737
1460 459 1598 534 122

1436 645 1496 744 ς.
1553 649 1617 720 2.

844 813 1137 882 ιἀωαε
1166 859 1187 898 ,
1260 834 1355 886 ex
1404 833 1676 884 rerum
1706 810 2208 910 publicar-um

1054 937 1680 1012 consideratione
1726 950 1974 1014 ortae.

628 1183 749 1246 Sed
790 1184 983 1244 causis
1002 1226 1022 1257 ,
1085 1204 1165 1244 ex
1212 1185 1349 1265 ipso
1404 1182 1797 1265 Imperatoris
1847 1184 2046 1246 animo
2082 1184 2452 1249 deducendis
2473 1233 2493 1263 ,

550 1311 615 1350 sc
649 1285 1055 1372 adjungebant
1100 1287 1257 1349 aliae
1278 1332 1299 1363 ,
1352 1309 1502 1370 quas
1541 1309 1743 1349 rerum
1781 1287 2163 1370 publicarum
2215 1292 2491 1354 conside·

546 1395 702 1455 ratio
751 1392 809 1453 ei
854 1391 1037 1454 facile
1080 1391 1510 1475 suppeditavit.
1585 1391 1840 1455 Scilicet
1858 1438 1879 1468 ‚
1932 1415 2070 1455 cnm
2109 1415 2364 1478 regnare
2398 1397 2493 1457 in-

408 1531 425 1554 .
546 1499 711 1579 cepit
776 1515 1154 1558 nutsmnus
1190 1542 1211 1573 ‚
1286 1496 1513 1558 flebilis
1580 1503 1713 1557 erat
1780 1497 2090 1561 Ecclesiae
2159 1501 2430 1562 conditio
2466 1546 2488 1576 ,

546 1605 771 1686 quippe
820 1603 1002 1664 trium
1042 1601 1399 1665 Pontificum
1452 1601 1818 1664 factionibus
1860 1602 2202 1686 discerptae
2240 1611 2304 1666 et
2339 1606 2494 1667 dila-

546 1714 785 1769 ceratae
832 1706 945 1790 (l).
1022 1705 1445 1790 Deplorandae
1490 1709 1679 1793 igitur
1711 1708 1880 1770 illius
1919 1709 2284 1772 conditionis
2319 1712 2496 1772 effee-

544 1821 672 1874 tnm
719 1833 857 1874 cum
902 1810 1057 1872 aliae
1100 1814 1379 1896 regiones
1398 1857 1418 1888 ,
1478 1821 1609 1876 tum
1661 1813 1843 1874 etiam
1879 1813 2164 1876 Bohemia
2177 1858 2198 1888 ‚
2245 1815 2343 1876 ita
2385 1837 2490 1876 ex—

546 1919 937 2001 periebantur
955 1965 975 1995 ,
1030 1925 1100 1979 ut
1150 1918 1487 2002 Imperator
1541 1940 1674 1980 eam
1717 1925 1856 1980 ante
1907 1919 2107 1980 omnia
2157 1919 2221 1979 in
2275 1916 2491 2004 melius

544 2025 888 2085 mutandam
941 2023 1264 2106 judicaret.
1378 2025 1609 2102 Quibus
1691 2025 1908 2086 studiis
1983 2047 2060 2086 ne
2121 2024 2432 2086 excideret
2464 2066 2485 2097 ‚

548 2131 823 2193 Concilio
876 2131 993 2192 sibi
1045 2153 1197 2214 opus
1238 2151 1371 2194 esse
1419 2131 1608 2207 vidit,
1662 2133 1833 2214 eujus
1880 2132 2242 2194 auctoritate
2279 2131 2488 2194 Eccle-

546 2237 673 2296 siae
687 2280 707 2310 ,
757 2236 1174 2298 emendatione
1202 2237 1267 2298 in
1298 2237 1514 2321 Capite
1551 2245 1615 2298 et
1652 2237 1934 2298 memhris
1965 2238 2241 2299 instituta
2255 2282 2278 2312 ,
2321 2238 2493 2320 quies

546 2347 757 2423 optata
800 2343 1179 2407 redderetur.
1256 2345 1466 2427 ltaque
1523 2363 1782 2407 somnes
1845 2341 2046 2407 xxm
2063 2388 2085 2421 ,
2155 2363 2490 2405 marsanam

544 2447 791 2510 hortatu
807 2493 828 2523 ,
869 2446 1029 2509 illud
1060 2449 1415 2509 convocavit
1442 2446 1559 2529 (2).
1610 2447 1697 2509 At
1731 2448 2008 2511 Concilio
2043 2456 2256 2511 coacto
2270 2494 2291 2524 ,
2331 2450 2492 2512 votis

548 2554 935 2635 Imperatoris
970 2555 1213 2615 obstare
1250 2554 1571 2616 videbatur
1603 2574 1814 2617 Russus
1830 2600 1852 2629 ‚
1893 2578 2070 2639 quem
2104 2557 2318 2618 Patres
2351 2578 2494 2618 con-

546 2658 779 2742 gregati
815 2660 957 2721 odio
996 2660 1318 2722 habebant.
1372 2660 1453 2721 ni
1491 2667 1690 2723 autem
1721 2661 1924 2723 odium
1941 2706 1961 2737 ‚
2003 2684 2124 2745 quo
2155 2664 2220 2723 in
2251 2682 2479 2725 nussum

543 2764 893 2826 ferebantur
908 2810 928 2840 ,
966 2765 1147 2827 facile
1195 2768 1261 2827 in
1308 2788 1704 2829 srorsuunntm
1745 2768 2196 2830 transtulissent
2212 2814 2232 2844 ‚
2286 2770 2339 2830 si
2375 2769 2488 2832 lm·

542 2876 789 2953 perator
811 2915 830 2945 ,
880 2876 949 2932 nt
992 2872 1337 2953 inceperat,
1394 2874 1512 2935 viri
1565 2873 1834 2935 haeresis
1889 2877 2032 2936 nota
2079 2874 2210 2957 jam
2265 2876 2488 2956 signati

542 2983 887 3039 constanter
930 2996 997 3037 se
1042 2975 1341 3038 fautorem
1391 2980 1814 3060 praestitisset.
1891 2978 2253 3064 Eligendum
2293 2981 2487 3065 igitur

542 3084 601 3145 ei
638 3090 771 3145 erat
799 3082 1189 3156 alterutrum,
1228 3081 1329 3143 vel
1366 3083 1548 3145 fidem
1579 3105 1763 3145 nusso
1799 3084 2001 3145 datam
2027 3084 2308 3170 frangere
2325 3129 2345 3160 ,
2383 3085 2490 3147 vel

540 3188 790 3249 Patrum
820 3188 958 3250 odia
990 3190 1058 3249 in
1092 3208 1159 3249 se
1194 3207 1436 3271 quoque
1478 3198 1832 3252 convertere
1867 3195 1932 3251 et
1974 3188 2064 3251 sic
2097 3211 2132 3249 a
2159 3187 2488 3272 proposito

540 3294 870 3358 declinare.
948 3295 1124 3357 Prius
1182 3294 1373 3378 igitur
1427 3297 1757 3377 posteriori
1801 3294 2154 3379 praeferens
2173 3337 2206 3368 ‚,
2250 3295 2447 3355 virum
2463 3338 2486 3367 ,

540 3422 719 3484 quem
766 3424 888 3463 non
928 3401 1110 3463 modo
1156 3398 1568 3462 Constantiam
1617 3402 1822 3463 venire
1859 3401 2166 3483 jusserat,
2223 3396 2332 3459 sed
2379 3398 2482 3459 eui

538 3507 720 3567 etiam
752 3506 1008 3567 salutem
1041 3506 1404 3587 promiserat
1440 3504 1535 3587 (3)
1563 3548 1584 3580 ‚
1627 3504 1988 3565 adversariis
2019 3503 2278 3567 tradidit
2294 3546 2314 3578 ,
2345 3502 2485 3565 hro·-

537 3612 715 3693 vique
772 3617 950 3693 post,
1000 3610 1355 3671 sententiam
1373 3653 1395 3685 ,
1446 3612 1568 3691 qua
1617 3607 1838 3692 capitis
1893 3607 2004 3670 ille
2049 3606 2482 3681 damnabatur,

538 3714 897 3775 auctoritate
935 3716 1046 3775 >sua
1085 3714 1475 3775 confirmavit.
1622 3789 1628 3795 .

613 3796 937 3880 Praeterea
984 3831 1106 3879 non
1150 3824 1377 3880 temere
1422 3817 1678 3879 forsitan
1726 3816 1952 3877 dixeris
1970 3860 1991 3891 ‚
2047 3818 2482 3899 Imperatorem

532 3924 825 3985 invasisse
879 3931 1102 3986 metum
1116 3967 1135 3998 ‚
1196 3944 1273 3985 ne
1317 3942 1530 3985 nussus
1544 3966 1563 3997 ‚
1611 3922 2067 3984 liberaliorilms
2114 3920 2480 4005 quibusdam

1224 4098 1231 4106 .
2308 4047 2477 4108 Pun-

534 4131 614 4201 (1)
678 4150 726 4185 v.
764 4149 808 4187 s.
836 4152 900 4203 p.
941 4138 976 4187 5
1012 4148 1129 4206 sqq.
1243 4132 1321 4204 (2)
1376 4149 1428 4187 v.
1466 4148 1508 4187 s.
1544 4150 1604 4202 p.
1645 4134 1699 4185 8.
1789 4130 1894 4204 (3)
1948 4150 2000 4187 v.
2037 4116 2080 4189 s.
2133 4152 2216 4205 ps
2245 4122 2320 4187 83
2359 4146 2443 4204 sq.
