2976 4737
451 377 557 420 vm
1337 390 1527 410 ..ι-ιι-

454 559 594 620 bam
620 602 650 636 ,
719 576 790 620 eo
854 561 1150 624 attentius
1205 558 1420 622 oculos
1481 562 1863 640 mentumque
1926 555 2259 637 defigebant
2316 559 2389 620 in

452 683 720 726 summ
746 683 972 726 nussum
986 709 1006 738 ‚
1044 668 1247 728 vim
1282 683 1438 731 sane
1472 665 1553 726 ed
1578 669 1780 730 aetate
1811 668 1883 725 in
1920 667 2148 744 paucis
2176 662 2387 726 ecccl-

455 771 884 832 lentissimum.
977 770 1200 850 Itaque
1255 771 1539 846 decrevi,
1610 773 1681 830 in
1724 771 1864 848 eius
1915 769 2059 850 fata
2102 774 2170 828 et
2212 769 2389 850 facta

453 879 811 937 accuratius
851 879 1200 956 inquirere,
1253 880 1328 938 ut
1375 894 1454 937 ea
1497 877 1728 956 scripto
1765 891 2162 948 enarrarem,
2205 891 2389 953 prae-

455 987 790 1062 sertimque
836 999 979 1042 cum
1028 999 1264 1054 causas¹
1273 1023 1306 1058 ,
1356 999 1470 1048 cur
1520 999 1562 1042 a
1620 975 1903 1041 Concilio
1956 976 2387 1038 Constantien-

457 1088 520 1146 si
576 1086 907 1146 damnatus
960 1085 1163 1166 suerit
1179 1127 1206 1160 ,
1282 1087 1414 1146 tum
1473 1086 1787 1162 effectum,
1864 1101 2048 1162 quem
2108 1082 2390 1142 condem·

455 1191 626 1250 natio
679 1191 820 1267 ejus
874 1194 941 1250 et
992 1189 1149 1250 alibi
1211 1188 1526 1264 locorum,
1588 1194 1655 1250 et
1708 1190 2019 1268 imprimis
2068 1190 2139 1248 in
2190 1187 2391 1248 Bolbe-

455 1294 586 1354 mici
654 1294 944 1356 habuerit
956 1337 982 1370 ,
1047 1295 1125 1355 de
1193 1293 1513 1362 industria*
1582 1311 1978 1374 exponerem.
2091 1291 2393 1354 Pericula

449 1400 618 1478 facto
629 1443 654 1474 ,
692 1399 938 1480 vitdque
974 1403 1099 1460 viri
1139 1400 1555 1482 qualicumque
1600 1401 1777 1461 modo
1816 1399 2169 1478 conscripta⁴
2180 1441 2211 1476 ,
2250 1400 2393 1476 jam

455 1507 695 1582 agitata
742 1504 861 1566 illa
900 1508 1221 1584 quaestio,
1265 1504 1344 1568 de
1387 1507 1601 1568 cauus
1640 1507 1975 1580 nimirum,
2022 1523 2137 1565 cur
2180 1523 2395 1564 nuum

453 1611 894 1672 condemnatus
916 1613 1040 1686 sit,
1075 1615 1314 1675 tantum
1342 1611 1465 1672 sibi
1492 1628 1719 1690 operae
1740 1615 1806 1672 et
1826 1629 2015 1672 curae
2033 1613 2398 1691 requisivit,

453 1725 582 1781 tam
611 1718 812 1780 multa
840 1719 1198 1796 indaganda
1229 1723 1296 1779 et
1321 1719 1699 1782 eoecutienda
1722 1719 2073 1798 postulavit
2070 1761 2101 1794 ,
2130 1724 2208 1786 ut
2230 1737 2397 1780 men-

453 1832 576 1888 tem
615 1825 1011 1906 aliquatenus
1064 1830 1402 1900 mutarem,
1455 1831 1887 1902 argumentum
1931 1824 2399 1903 Disputationis

453 1935 644 1994 etiam
695 1931 1058 1992 contrahere
1114 1935 1406 2006 coactus,
1479 1949 1561 1992 ne
1621 1931 1775 1992 haec
1834 1933 2131 1992 terminos
2181 1933 2399 2009 justes

454 2037 638 2114 lonqe
676 2037 1025 2098 excederet.
1111 2032 1284 2108 Quid
1309 2035 1509 2098 multa
1528 2035 1561 2096 Ρ
1596 2034 1812 2096 Mae'ssd
1846 2036 2283 2116 disquisitione
2320 2037 2399 2097 dc

453 2143 840 2222 amplissimo
877 2142 1404 2204 condemnationis
1458 2161 1627 2202 mssa
1661 2143 1875 2220 effectu
1892 2183 1919 2216 ,
1971 2144 2041 2202 in
2074 2141 2215 2220 eJ‘us
2241 2141 2401 2219 satis

457 2254 524 2310 et
553 2250 746 2328 factis
775 2247 1153 2310 enarrandis
1185 2251 1515 2326 causisque
1553 2246 1735 2308 illius
1768 2247 2157 2310 condemnati
2190 2264 2401 2307 recen-

453 2354 667 2415 sendis
713 2352 1052 2416 subsistere
1094 2355 1406 2415 constitui.
1499 2347 1685 2424 Quod
1727 2357 2160 2431 argumentum
2198 2372 2401 2433 neque

456 2461 608 2523 adeo
661 2477 864 2519 meam
898 2476 1201 2538 superare
1243 2460 1601 2519 tenuitatem
1634 2461 1837 2520 cisum
1878 2465 2011 2537 est,
2046 2478 2162 2519 nec
2196 2465 2402 2519 tamen

456 2566 535 2625 ab
586 2564 737 2624 aliis
782 2567 872 2625 ita
901 2563 1318 2639 elaboratum,
1353 2569 1428 2623 ut
1440 2564 1718 2641 juvenili
1750 2567 1938 2625 etiam
1976 2566 2404 2645 disquisitioni

455 2670 626 2731 nihil
659 2669 1107 2731 enucleandum
1142 2668 1536 2749 relinqueret.
1637 2666 1781 2742 Qud
1821 2673 1891 2730 in
1928 2690 1998 2731 re
2032 2676 2244 2731 utrum
2277 2687 2402 2731 non

453 2794 720 2853 prorsus
771 2778 978 2855 inepte
1034 2768 1320 2836 versatus
1375 2776 1499 2835 sim
1516 2816 1537 2847 ,
1596 2791 1683 2835 an
1738 2773 1945 2835 oleum
2000 2780 2067 2835 et
2116 2793 2401 2853 operam,

458 2880 628 2961 quod
679 2882 894 2959 ajunt,
939 2881 1356 2959 perdiderim,
1409 2878 1711 2941 Lectores
1740 2882 2065 2959 judicent.-
2115 2898 2271 2959 quos
2306 2898 2407 2941 me

459 3005 689 3066 aequos
727 2991 793 3046 et
833 2985 1128 3063 beniqnos
1151 2986 1407 3064 judices
1443 2991 1859 3067 experturum
1889 2987 2067 3065 fore,
2104 3004 2231 3049 non
2273 2991 2405 3061 est,

459 3093 627 3170 quod
659 3092 944 3152 dubitem.

544 3194 671 3257 His
722 3200 1134 3275 praemonitis
1157 3240 1184 3273 ,
1255 3201 1631 3259 committere
1692 3216 1819 3261 non
1879 3216 2138 3279 possum
2152 3240 2181 3274 ,
2250 3200 2405 3277 quein

461 3306 846 3363 occasionem
903 3305 1246 3382 arripiam,
1307 3304 1434 3383 qua⁴
1487 3310 1739 3381 gratum
1790 3306 2067 3365 animum
2121 3304 2405 3364 onmibus

455 3410 674 3488 palam
741 3413 932 3471 tester
946 3452 977 3487 ,
1045 3412 1158 3489 qui
1219 3409 1381 3471 milti
1435 3413 1665 3472 meisve
1732 3411 1963 3471 studiis
2024 3410 2401 3489 profuerint.

460 3514 598 3575 Nec
633 3513 808 3575 solvo
854 3516 973 3574 lias
1018 3518 1269 3591 grates,
1327 3514 1499 3593 quod
1536 3517 1631 3574 sic
1669 3515 1803 3593 fert
1838 3514 2251 3590 consuetudo,
2288 3514 2410 3575 sed

461 3624 678 3682 intimo
729 3621 1002 3699 pectoris
1055 3637 1247 3681 sensu
1291 3618 1619 3700 impulsus.
1702 3616 2069 3683 Studiorum
2126 3638 2404 3681 meorum

455 3725 738 3803 fautores
823 3722 947 3785 Vos
1005 3727 1344 3803 praecipue
1405 3741 1664 3785 veneror
1692 3767 1715 3797 ,
1784 3722 1924 3785 Viri
1994 3724 2357 3787 Clarissimi
2372 3721 2405 3783 l

462 3828 684 3908 quibus
722 3828 1014 3905 ducibus,
1065 3828 1428 3891 Literarum
1486 3830 1761 3891 stadium
1800 3835 2039 3893 emetiri
2072 3832 2231 3893 mini
2262 3848 2405 3891 con-

463 3936 616 4009 tigit.
709 3930 876 3993 Plus
919 3918 1138 4011 'quam
1202 3936 1405 3997 dicere
1459 3938 1699 4013 possim
1735 3955 1855 4019 ‘me
1927 3935 2144 3999 debere
2204 3938 2407 3998 sentio

2264 4060 2405 4102 cum
