2976 4737
1470 461 1574 538 64

940 733 1261 810 PARS
1354 730 2118 811 POSTERIOR.

684 1193 791 1248 nn
838 1192 1102 1249 clus1s
1126 1227 1146 1258 ,
1200 1191 1481 1264 omnus
1528 1193 1758 1249 nusst
1807 1193 2342 1249 commum

638 1303 645 1312 ’
1194 1320 1629 1377 'mmmm
1675 1321 1824 1376 srr.

1198 1681 1819 1759 humanando.

625 1998 855 2075 Patres
904 2009 1393 2076 constantienses
1449 2031 1682 2075 nussuu
1731 2010 1811 2073 ad
1858 2031 2075 2095 rogum
2127 2009 2440 2073 damnasse
2459 2053 2482 2088 ,

548 2113 835 2180 historice
856 2112 1271 2200 exposuimus.
1332 2115 1504 2197 Quae
1549 2115 1998 2192 condemnatio,
2039 2122 2239 2179 utrum
2271 2117 2486 2178 revera

542 2221 713 2305 justa
749 2244 827 2284 an
864 2223 1090 2304 injusta
1124 2225 1421 2309 appellari
1456 2224 1679 2286 debeat
1697 2265 1720 2300 ,
1755 2242 1930 2284 nemo
1969 2221 2190 2297 facile,
2229 2222 2347 2284 nisi
2382 2221 2488 2305 qui

549 2325 980 2413 praejudicatis
1000 2329 1259 2393 imbutus
1279 2325 1369 2391 sit
1386 2329 1800 2413 opinionibus,
1819 2329 1884 2390 in
1901 2327 2148 2390 dubium
2165 2326 2486 2392 vocaverit.

549 2424 786 2494 Interea
812 2432 1146 2495 iniraffdum
1176 2430 1317 2511 est,
1343 2434 1538 2495 virum
1552 2478 1575 2512 ,
1605 2412 1912 2535 Ecclesiae
1943 2422 2366 2495 instaurandae
2387 2455 2489 2494 eu-

547 2537 797 2622 pidum,
836 2534 1097 2622 propter
1124 2526 1508 2601 liberaliores
1525 2583 1547 2620 ,
1582 2561 1764 2639 quas
1764 2538 1839 2623 de
1871 2540 2231 2602 auctoritate
2263 2560 2337 2601 ac
2366 2538 2489 2605 ‹lis-

552 2642 777 2727 ciplina
830 2643 1203 2706 Clerieorum
1244 2620 1624 2728 protulerat,
1674 2618 2047 2719 sententias,
2087 2616 2355 2705 haeresis
2389 2664 2488 2705 ac-

556 2754 866 2823 cusatum,
904 2754 968 2809 et
1006 2746 1217 2809 ultimo
1267 2746 1568 2831 supplicio
1609 2746 1858 2829 dignum
1897 2745 2269 2807 declaratum
2299 2744 2487 2806 fuisse

554 2853 633 2915 ab
678 2852 806 2913 illis
823 2896 845 2928 ,
896 2853 1004 2934 qui
1033 2896 1054 2927 ,
1113 2850 1323 2915 eadem
1376 2852 1658 2936 cupidine
1716 2852 1981 2926 incensi,
2033 2852 2098 2911 in
2140 2872 2323 2911 unum
2363 2848 2489 2932 ipsi

552 2962 989 3032 convenerant,
1028 2963 1100 3018 ut
1127 2958 1452 3021 Pontifices
1466 3002 1487 3033 ,
1526 2957 1604 3019 de
1631 2977 1860 3019 summo
1889 2954 2197 3017 Ecclesiae
2229 2955 2486 3037 imperio

552 3059 814 3121 tenendo
859 3061 1018 3121 inter
1056 3082 1123 3123 se
1158 3062 1593 3125 contendentes
1610 3106 1631 3137 ,
1665 3062 1898 3144 judicio
1937 3083 2046 3125 suo
2079 3058 2486 3141 subjicerent,

553 3171 734 3246 atque
760 3163 1094 3228 Ecclesiam
1107 3209 1128 3243 ,
1160 3167 1524 3249 turpissimis
1541 3168 1705 3231 vitiis
1735 3168 2049 3246 infectam,
2084 3164 2489 3229 emendarent.

552 3270 882 3349 Quaeritur
930 3271 1119 3354 igitur
1160 3272 1378 3333 merito
1394 3316 1414 3348 ,
1453 3293 1742 3356 quasnam
1789 3273 1870 3336 ob
1911 3293 2124 3336 causas
2163 3291 2378 3335 nessus
2409 3267 2491 3331 ad

552 3382 807 3439 mortem
838 3374 1263 3437 condemnatus
1296 3375 1501 3439 fuerit.
1562 3376 1665 3439 Ad
1699 3399 1878 3461 quam
1909 3377 2324 3461 quaestionem
2358 3394 2490 3438 sae-

552 3487 691 3559 Pius
738 3484 1113 3569 propositam
1131 3526 1154 3560 ,
1204 3481 1472 3543 nondum
1524 3483 1612 3544 ita
1662 3502 1988 3566 reponsum
2033 3502 2168 3544 esse
2204 3480 2446 3543 videtur
2463 3521 2488 3554 ,

556 3597 630 3652 ut
665 3591 725 3651 ei
761 3592 1005 3654 omnino
1042 3586 1416 3650 satisfactum
1453 3588 1552 3649 sit.
1605 3587 1709 3649 Sie
1745 3608 2010 3649 mmm-r
2049 3586 2141 3669 (1)
2180 3584 2330 3647 duas
2357 3590 2490 3646 tan-

555 3702 685 3757 tum
709 3716 923 3761 causas
957 3695 1221 3770 exeitat,
1256 3713 1511 3778 quarum
1541 3690 1797 3755 alteram
1832 3693 1898 3755 in
1918 3712 1992 3756 eo
2010 3690 2270 3775 positam
2295 3689 2487 3751 fuisse

2356 3815 2488 3878 opl-

632 3930 713 4003 (1)
740 3933 878 3988 Πίοε.
898 3929 978 3986 aa
1006 3932 1173 3988 Gom.
1196 3926 1265 3985 ὦ
1288 3931 1469 3985 Conse.
1492 3932 1551 3986 T.
1568 3931 1618 3986 1.
1633 3947 1699 4005 p.
1720 3932 1831 3987 420
1851 3923 2102 4006 afficonf.
2120 3943 2485 3998 senonen,

556 4050 610 4089 ο.
647 4031 687 4090 1.
727 4035 786 4092 Τ.
824 4034 1055 4092 mm
1087 4052 1151 4107 p.
1189 4040 1300 4092 66⁰
1338 4052 1423 4109 sq.
