2976 4737
1333 463 1430 537 45

425 653 556 715 illis
603 647 1080 715 accusationibus
1128 653 1208 714 ad
1254 651 1608 717 Pontificem
1654 652 1875 717 delatis
1890 698 1911 730 ,
1948 653 2051 716 hic
2087 653 2352 717 Pati-iar-

425 758 574 818 cbae
608 758 1270 840 Constantinopolitano
1286 802 1307 832 ,
1342 761 1448 841 qui
1481 756 1870 822 Constantine
1900 759 2140 835 aderat,
2178 761 2355 843 Epis-

427 883 583 944 copo
631 862 935 923 Castellae
990 869 1054 924 et
1103 863 1407 945 Episcopo
1445 885 1482 923 a
1528 863 1745 924 Libuss
1786 885 1888 925 eas
1930 865 2353 928 examinandas

423 967 666 1028 mandat
719 967 830 1048 (1).
925 967 983 1028 A
1031 967 1247 1050 quibus
1295 987 1505 1028 nussns
1560 969 1653 1029 rei
1705 970 1931 1030 certior
1961 968 2157 1030 factus
2172 1013 2193 1046 ,
2245 969 2358 1032 sed

423 1076 677 1152 propter
707 1071 1110 1132 valetudinem
1137 1070 1216 1131 ad
1248 1091 1488 1143 causam
1520 1092 1688 1132 suam
1723 1071 2017 1154 agendam
2057 1093 2181 1134 non
2221 1072 2357 1134 ido-

423 1195 603 1236 neum
641 1196 706 1236 se
735 1176 868 1258 ipse
898 1176 1272 1258 comperiens
1289 1220 1310 1250 ,
1363 1183 1683 1258 patronum
1716 1177 1834 1237 sibi
1861 1178 2109 1259 expetit.
2166 1178 2360 1256 Quem

425 1284 626 1339 tamen
653 1279 711 1338 ei
745 1278 1078 1340 concedere
1119 1279 1333 1341 nolunt
1351 1323 1372 1353 ,
1415 1280 1583 1340 nefas
1625 1281 1891 1342 dicentes
1905 1326 1926 1357 ‚
1971 1281 2199 1344 homini
2219 1280 2361 1344 bae-

425 1385 580 1444 resis
619 1391 898 1466 suspecto
920 1429 940 1460 ,
969 1385 1230 1468 aliquem
1263 1386 1633 1466 patrocinari
1671 1386 1783 1467 (2).
1838 1389 2035 1449 Husso
2073 1388 2292 1449 sensim
2323 1408 2361 1448 e

426 1489 638 1550 morbo
666 1488 896 1550 refecto
911 1534 932 1564 ,
965 1491 1262 1551 triumviri
1297 1488 1519 1551 delecti
1556 1492 1966 1553 accusationes
1987 1491 2381 1552 examinatas

429 1594 509 1656 ad
533 1616 667 1656 eum
697 1593 979 1654 deferunt
1000 1593 1113 1678 (3).
1149 1595 1364 1656 Utrum
1394 1615 1541 1657 vero
1574 1595 1703 1656 illis
1740 1596 2148 1680 respondendi
2171 1596 2361 1660 facul-

427 1706 524 1760 tas
552 1721 710 1760 nunc
743 1700 801 1760 ei
834 1699 975 1760 data
1003 1700 1084 1760 sit
1100 1745 1120 1772 ‚
1159 1720 1280 1761 non
1311 1699 1593 1761 traditur.
1630 1701 1754 1762 Sed
1786 1721 1954 1765 nussr
1983 1697 2363 1764 adversarios

417 1805 550 1888 jam
589 1805 750 1866 omni
769 1804 984 1866 virium
1007 1804 1337 1866 intentione
1358 1803 1424 1863 in
1449 1802 1579 1885 ejus
1601 1806 1930 1885 perniciem
1946 1805 2359 1887 conspirasse,

429 1912 630 1972 variae
660 1910 922 1992 probant
941 1910 1252 1992 Epistulae
1268 1953 1289 1983 ,
1319 1908 1436 1969 hoe
1468 1913 1741 1990 tempore
1766 1909 1844 1969 ab
1864 1930 1939 1971 eo
1961 1911 2223 1992 scriptae
2252 1909 2365 1992 (4).

427 2015 640 2097 Neque
683 2016 751 2074 in
801 2014 920 2076 boc
964 2035 1168 2075 rerum
1201 2019 1363 2074 statu
1393 2014 1574 2075 modo
1622 2014 1701 2076 de
1754 2035 1819 2076 se
1856 2014 1989 2096 ipso
2022 2014 2321 2076 sollicitus
2336 2058 2359 2090 ,

430 2119 893 2201 scriptionibus,
927 2126 1029 2194 nt,
1070 2121 1148 2180 de
1172 2120 1520 2198 Deculoqo,
1556 2121 1634 2182 de
1674 2118 1969 2182 Oratione
1999 2121 2366 2208 Dominicd,

430 2227 514 2288 de
539 2225 806 2288 Peccata
841 2224 1144 2302 Mortali,
1181 2227 1259 2287 de
1275 2224 1683 2287 Matrimonia
1706 2270 1723 2298 ,
1763 2225 1899 2286 aliis
1930 2225 2062 2306 (5),
2102 2226 2370 2310 Religio-

431 2331 531 2391 nis
567 2331 747 2391 etiam
765 2351 982 2391 causae
1018 2329 1332 2392 consulere
1357 2328 1595 2407 studet,
1622 2329 1868 2415 placido
1902 2331 2101 2395 animo
2137 2332 2369 2395 interea

432 2440 529 2500 rei
569 2459 712 2499 suae
751 2438 978 2501 exitum
1011 2444 1386 2520 exspectans.

433 2646 737 2686 menum
775 2646 852 2685 nn
890 2644 1086 2686 cauus
1123 2636 1309 2685 contra
1345 2644 1607 2701 nussum,
1656 2638 1944 2708 antequam
1978 2628 2071 2687 hic
2109 2634 2371 2686 Constan-

428 2718 572 2774 tiam
603 2728 818 2774 venerat
838 2760 854 2788 ,
893 2719 1060 2774 editas
1073 2760 1088 2789 ,
1117 2728 1173 2774 et
1200 2738 1365 2797 aeque
1394 2736 1458 2774 ac
1482 2728 1784 2795 sequentes,
1813 2720 1875 2776 de
1908 2718 2103 2797 quibus
2132 2720 2194 2775 in
2222 2728 2375 2777 textu

433 2808 664 2865 dicimus
682 2849 698 2877 ,
749 2808 819 2863 ad
853 2807 1165 2863 Pontificem
1219 2807 1420 2863 delatas
1439 2846 1456 2874 ‚
1507 2824 1617 2861 una
1654 2826 1781 2861 cum
1816 2824 1986 2865 nusst
2022 2807 2279 2883 responsis
2313 2817 2372 2865 et

437 2896 874 2954 annotationibus
897 2896 1018 2953 vide
1045 2897 1106 2953 in
1140 2898 1327 2973 script.
1346 2894 1497 2951 laud.
1529 2914 1592 2968 p.
1617 2903 1721 2952 147
1753 2914 1871 2971 sqq.
1912 2895 2247 2972 Quibusnam
2265 2918 2368 2955 au-

431 2997 548 3043 tem
579 3007 762 3043 rerum
795 2984 1076 3041 momentis
1114 2985 1215 3042 hae
1251 2984 1493 3060 aliaeque
1530 2983 1887 3039 accusationes
1912 2983 2141 3043 mxime
2172 2985 2373 3044 consti-

432 3076 605 3133 terint
620 3118 638 3147 ,
689 3073 842 3131 nobis
879 3073 1158 3149 apparebit
1172 3115 1191 3147 ‚
1241 3074 1341 3131 ubi
1377 3072 1442 3129 de
1479 3071 1651 3129 causis
1668 3113 1686 3143 ,
1741 3090 1839 3128 cur
1874 3090 2083 3134 nussus
2120 3076 2373 3135 condem-

434 3174 598 3221 natus
635 3164 705 3220 sit
719 3204 736 3234 ,
775 3159 1107 3239 exponemusss

515 3268 594 3341 (1)
670 3283 839 3323 nusst
875 3268 1012 3321 Hise.
1051 3278 1109 3322 ee
1139 3268 1362 3323 Momm»
1423 3267 1479 3321 T.
1522 3267 1573 3320 I.
1602 3284 1667 3337 p.
1709 3270 1790 3320 7⁸.

512 3366 596 3440 (2)
668 3382 839 3423 nussr
873 3366 1013 3421 Hise.
1052 3376 1108 3421 et
1141 3368 1381 3420 Monam.
1421 3361 1462 3417 1.
1502 3362 1541 3417 l.
1582 3361 1729 3419 Conf.
1776 3379 2011 3431 cnr-11,
2054 3362 2093 3418 l.
2113 3362 2153 3418 Ζ.
2176 3382 2237 3433 p.
2261 3366 2371 3418 1⁰6

429 3472 515 3530 sq.
573 3452 768 3511 Etiam·
778 3451 897 3526 jam
933 3461 1121 3521 antea,
1174 3470 1363 3527 nempe
1408 3459 1435 3505 1
1479 3449 1781 3507 Decembris
1814 3470 1867 3506 a.
1911 3456 2090 3517 1414,
2146 3448 2245 3504 alii
2274 3448 2375 3522 ju-

430 3543 574 3598 dices
594 3582 611 3611 ,
668 3539 764 3618 qui
819 3539 880 3597 in
936 3558 1104 3599 nussr
1155 3540 1420 3596 doctrinas
1469 3542 1802 3618 inquirerent
1818 3575 1835 3609 ,
1874 3537 2155 3593 constituti
2193 3546 2370 3593 erant.

428 3632 588 3698 Vidd.
639 3648 746 3687 vos
781 3647 898 3687 nnn
949 3646 1184 3700 man-r,
1237 3650 1289 3687 0.
1327 3631 1368 3687 l.
1412 3634 1468 3687 T.
1506 3634 1598 3689 IV.
1647 3634 1716 3687 P.
1761 3637 1812 3684 1.
1843 3646 1907 3700 p.
1948 3634 2041 3681 23.
2096 3630 2167 3683 P.
2208 3634 2263 3681 6.
2294 3646 2360 3700 p.

433 3730 566 3777 385.
606 3717 755 3790 Conf.
791 3728 848 3775 et
882 3735 1170 3787 nnn-⁴11¹,
1208 3722 1347 3775 Hist-
1383 3718 1464 3777 du
1505 3723 1668 3776 Gonu.
1705 3717 1771 3773 de
1812 3720 1992 3773 Conse.
2029 3720 2086 3773 T.
2121 3719 2173 3772 Ῑ.
2188 3735 2253 3789 p.
2280 3724 2376 3775 67.
2415 3790 2417 3795 .

513 3822 592 3894 (3)
668 3836 840 3877 ausu
879 3823 1018 3877 Hist.
1056 3832 1113 3875 ee
1147 3824 1386 3876 Momem-
1426 3819 1464 3873 l.
1513 3818 1555 3875 l.

512 3921 593 3992 (4)
669 3937 839 3976 nusst
874 3922 1012 3976 His-t.
1047 3930 1105 3975 et
1139 3923 1379 3975 Momm·
1421 3922 1480 3974 T.
1519 3921 1568 3974 I.
1599 3936 1660 3988 p.
1706 3923 1809 3971 71·
1838 3932 1955 3989 sqq.

475 4040 482 4047 ·
515 4017 596 4091 (6)
680 4034 846 4075 uuss1
899 4020 1038 4075 Hise.
1094 4028 1151 4074 et
1186 4020 1426 4073 Monum-
1468 4019 1527 4072 T.
1566 4015 1613 4069 I.
1640 4030 1702 4083 p.
1742 4014 1851 4068 291²
1876 4030 1996 4091 sqq.
2038 4012 2167 4073 coll.
2200 4033 2266 4090 p.
2304 4022 2370 4073 ⁷⁸

433 4112 620 4183 Comp-
662 4121 918 4167 utun·
931 4146 948 4178 ‚
985 4106 1025 4164 1.
1065 4106 1104 4163 l.
1133 4126 1197 4179 p.
1240 4110 1316 4161 ⁰4
1350 4121 1467 4177 sqq.
