2976 4737
1454 419 1554 495 72

546 613 878 678 Ecclesiae
902 609 1151 688 redire,
1184 629 1384 694 neque
1418 611 1750 693 'camec-9,
1785 619 1856 676 et
1882 623 2162 695 errores,
2182 635 2302 698 per
2335 635 2478 682 eum

538 721 791 800 publice
832 719 1186 800 defensator
1211 725 1280 781 et
1304 720 1738 798 praedicatos,
1777 721 1939 784 velle
1963 721 2254 803 abJurare
2287 723 2400 806 (1).

618 823 723 887 Ad
754 823 905 886 haee
941 831 1143 884 aulem
1173 829 1345 885 recte
1373 823 1704 906 judicanda
1719 869 1740 901 ,
1779 827 2040 908 primum
2077 829 2286 910 paucis
2320 828 2477 890 indi-

544 929 803 992 candum
851 935 947 992 est
971 973 995 1002 ‚
1048 927 1199 1010 quid
1250 928 1371 992 sihi
1418 928 1684 992 voluerit
1733 930 2072 996 Concilium
2093 978 2118 1009 ,
2177 936 2482 998 haeretios·

544 1039 782 1100 nomine
824 1057 1053 1098 nussuu
1082 1039 1317 1098 notans.
1392 1035 1461 1096 Si
1499 1035 1687 1120 igitur
1719 1037 1799 1098 ad
1829 1041 2138 1122 antiquum
2172 1063 2346 1102 usum
2373 1062 2477 1103 vo-

542 1140 745 1202 cabuli
776 1139 997 1202 Graeci
1034 1140 1282 1220 sipia-we
1321 1139 1507 1220 (unde
1553 1161 1770 1202 nomen
1807 1141 2072 1222 ulpium?
2111 1165 2221 1207 seu
2257 1148 2477 1210 haere-

543 1245 680 1327 tica)
731 1245 1092 1308 attendimus
1109 1288 1130 1319 ,
1184 1245 1527 1327 Scriptores
1570 1245 1789 1307 Graeci
1841 1253 1904 1308 et
1935 1247 2135 1306 Latini
2149 1292 2168 1322 ,
2206 1255 2330 1310 tam
2366 1251 2480 1312 Ec-

539 1352 864 1414 clesiastici
891 1371 1069 1433 quam
1098 1349 1204 1410 alii
1223 1393 1245 1424 ,
1284 1349 1443 1410 illud
1478 1348 1770 1411 adhibent
1802 1351 1878 1411 de
1893 1352 2210 1430 peculiari
2224 1355 2477 1434 aliqud,

540 1473 729 1537 quam
785 1457 931 1536 quis
981 1459 1319 1534 aequatum,
1366 1455 1684 1534 eoqt‘tandi
1721 1455 2153 1536 sentiendique
2184 1462 2429 1519 ratione
2449 1477 2484 1538 ,-

537 1562 687 1622 item
742 1558 817 1621 de
851 1560 1025 1622 seotd
1065 1559 1287 1641 aliqud
1333 1559 1730 1643 Philostepha
1763 1557 1854 1643 (2)
1876 1603 1897 1634 ,
1940 1560 2087 1643 quin
2141 1567 2207 1622 et
2249 1561 2480 1624 Potiti-

538 1666 620 1729 σά
653 1663 768 1748 (3).
842 1645 1055 1748 Neque
1111 1662 1267 1748 adeo
1306 1663 1593 1726 abhorret
1639 1663 1931 1746 loquendi
1976 1685 2118 1726 usus
2163 1667 2228 1727 in
2259 1665 2335 1730 N.
2369 1667 2478 1742 T„

538 1769 649 1832 ubi
682 1790 803 1832 vox
840 1765 1087 1850 sipia-we
1115 1751 1373 1830 maxime
1414 1770 1495 1831 ad
1544 1769 1791 1830 illorum
1829 1769 2148 1832 societates
2187 1771 2473 1846 refertur,

542 1877 649 1960 qui
692 1875 815 1936 suis
860 1875 1042 1936 etiam
1104 1875 1183 1936 de
1240 1875 1557 1958 Religione
1605 1873 1988 1958 opinionibus
2031 1896 2069 1936 a
2117 1897 2182 1938 se
2225 1877 2480 1938 invicem

540 1981 905 2064 discrepant.
959 1979 1051 2042 Ita
1092 1979 1231 2042 Act.
1272 1979 1363 2056 V,
1403 1980 1501 2043 17.
1539 1979 1694 2055 XV,
1733 1981 1792 2042 5.
1831 1979 2072 2056 XXVI,
2108 1981 2171 2043 5.
2194 1980 2270 2043 de
2293 1983 2480 2043 notis-

540 2085 707 2146 simis
746 2085 1015 2146 occurrit
1048 2085 1149 2147 vel
1202 2085 1688 2148 Sadducaeorum
1723 2084 1824 2146 vel
1850 2084 2312 2146 Pharisaeorum
2350 2106 2480 2147 sec-

539 2189 641 2252 tis.
679 2221 756 2240 -·
792 2190 959 2252 Idem
1012 2212 1233 2253 nomen
1274 2193 1455 2253 etiam
1501 2190 1832 2274 Religionis
1872 2190 2250 2253 Christianae
2287 2198 2479 2254 secta·

538 2295 776 2356 toribus
810 2315 847 2354 a
874 2294 1126 2357 «Iudaeis
1165 2295 1458 2357 tributum
1492 2295 1679 2357 fuisse
1708 2295 1848 2358 loca
1880 2297 2020 2358 Aet.
2051 2295 2280 2373 XXIV,
2298 2297 2360 2359 5.
2379 2295 2492 2359 14.

538 2402 819 2476 XXVIII,
874 2400 973 2463 22.
1023 2401 1261 2463 docent.
1340 2402 1464 2465 Sed
1503 2390 1646 2465 'cum
1683 2410 1984 2473 sectarum
2020 2424 2203 2486 saepe
2246 2405 2330 2464 sit
2348 2447 2370 2478 ,
2409 2410 2480 2465 ut

540 2505 751 2567 turbas
804 2511 868 2566 et
902 2504 1155 2567 dissidia
1205 2511 1487 2568 moveant
1513 2550 1534 2582 ,
1579 2506 1722 2569 hine
1767 2509 1950 2569 etiam
1983 2508 2318 2569 concitatae
2357 2508 2481 2570 dis-

538 2611 847 2671 sensiones
886 2606 1129 2691 «sipia-em
1162 2611 1401 2672 nomine
1434 2612 1682 2673 veniunt
1716 2611 1754 2675 1
1789 2612 1928 2674 Gor.
1947 2612 2036 2674 XI
2049 2656 2070 2688 ,
2099 2612 2197 2676 19.
2223 2612 2366 2675 coll.
2382 2613 2478 2677 18·

536 2714 674 2777 Gal.
708 2714 787 2790 V,
824 2714 926 2778 20.
962 2714 1237 2798 Denique
1287 2713 1449 2777 idem
1482 2736 1703 2777 nomen
1731 2715 1776 2778 2
1808 2716 1973 2777 Petr.
2009 2716 2064 2777 ll
2081 2760 2102 2792 ,
2143 2717 2201 2779 1.
2233 2718 2376 2781 coll.
2416 2716 2477 2781 2.

536 2818 616 2882 de
662 2820 906 2903 placItis
921 2864 942 2895 ,
997 2842 1033 2881 a
1096 2812 1411 2904 religionis
1466 2818 1845 2883 Christianae
1896 2820 2174 2883 doctrina
2221 2824 2434 2885 alienis
2453 2867 2476 2899 ,

536 2924 815 2987 adhiberi
850 2924 1107 2988 videtur.
1185 2926 1306 3003 Qui
1345 2946 1487 2989 usus
1524 2930 1690 2987 certe
1730 2925 1863 3009 jam
1899 2932 2166 3003 mature,
2206 2934 2272 2989 et
2307 2926 2476 2989 dein-

538 3052 685 3113 ceps
738 3031 931 3115 magis
970 3033 1283 3115 magisque
1296 3076 1317 3108 ,
1368 3032 1432 3093 in
1476 3031 1782 3094 Soeietate
1831 3030 2172 3095 Christiana
2215 3038 2280 3093 et
2315 3031 2478 3116 apud

539 3136 884 3219 Scriptores
952 3136 1414 3198 Ecclesiasticos
1476 3135 1774 3213 invaluit3
1825 3138 1914 3198 ita
1974 3144 2045 3197 ut
2091 3132 2316 3217 §epla-m
2369 3156 2478 3198 seu

539 3244 833 3306 haereses
888 3233 1236 3303 dicerentur
1278 3243 1588 3326 graviores
1603 3284 1626 3318 ,
1665 3241 1772 3326 qui
1817 3242 2032 3303 saltem
2063 3242 2440 3303 habebantur
2454 3285 2477 3318 ,

540 3349 619 3409 de
659 3348 933 3410 doctrina
974 3346 1315 3409 Christiana
1366 3368 1607 3409 errores
1624 3390 1646 3423 ,
1703 3354 1768 3408 et
1814 3346 2068 3426 «cipes-mi
2123 3346 2309 3430 (conf.
2355 3347 2480 3408 Tit.

538 3452 620 3513 ΙΙΙ
635 3497 656 3528 ,
706 3452 833 3533 10.)
872 3450 1323 3535 appellarentur
1374 3450 1506 3527 illi,
1562 3450 1669 3534 qui
1705 3450 1861 3513 tales
1915 3470 2153 3513 errores
2201 3450 2483 3515 foverent

2405 3576 2481 3619 ae

615 3683 697 3756 (1)
770 3697 981 3753 nun,
1022 3700 1075 3739 0.
1114 3680 1154 3737 l.
1196 3685 1257 3738 T.
1294 3681 1510 3738 XXVII.
1543 3697 1608 3751 p.
1647 3684 1779 3736 763.

620 3786 700 3862 (z)
776 3790 863 3843 Ita
911 3802 1181 3845 munus
1203 3824 1222 3856 ,
1279 3786 1453 3857 Epist.
1505 3783 1584 3839 ad
1627 3784 1888 3857 Ephesum
1937 3780 1981 3863 ς
2021 3790 2055 3839 6
2073 3825 2096 3853 ,
2137 3792 2194 3839 et
2226 3802 2482 3843 cumn

544 3874 982 3933 uniunnnus
997 3915 1015 3946 ‚
1066 3880 1401 3933 stromatum
1439 3876 1504 3939 I,
1561 3882 1616 3931 7.
1649 3872 1779 3929 edit.
1817 3873 2016 3931 Posteri
2036 3912 2053 3945 ,
2105 3868 2351 3954 ἀμία-σος
2387 3894 2484 3933 vo-

543 3980 663 4021 cem
698 3971 963 4039 usurpant
998 3963 1063 4021 do
1098 3964 1548 4039 Phaooopnom
1576 3960 1820 4039 fam-⁶133.

620 4061 701 4133 (a)
774 4059 863 4120 Sic
901 4078 1183 4123 rousms
1220 4067 1313 4132 ΙΙ,
1355 4071 1446 4121 οι.
1487 4062 1554 4122 do
1593 4064 1750 4123 sectis
1785 4062 1848 4121 ἐκ
1885 4062 2206 4138 Republica.
