2976 4737
1468 425 1570 502 94

525 621 701 684 mhi·
740 618 1013 682 volum·
1026 661 1047 694 ,
1086 619 1297 700 quale·
1339 619 1439 681 vel
1478 619 1559 680 ab
1595 615 1972 681 auctoritatis
2013 639 2156 682 suae
2189 621 2450 684 tuendae

528 725 733 788 studio
748 767 771 800 ,
832 723 935 784 vel
984 724 1261 786 universe
1304 723 1383 785 ab
1414 724 1555 785 utili
1584 725 1810 807 petitae
1869 731 2090 786 essent.
2181 725 2448 810 Utraque

526 837 726 892 autem
808 849 1121 891 causarum
1188 831 1420 913 species
1498 829 1578 891 ad
1653 829 1820 892 illius
1899 829 2450 894 condemnationem

524 935 855 1000 contulisse
891 934 1069 996 nobis
1108 934 1363 996 videtur.

598 1041 778 1122 Quod
816 1041 1004 1125 igitur
1051 1040 1131 1100 ad
1176 1042 1345 1124 prius
1398 1042 1655 1116 attinet3
1703 1041 1976 1104 Concilia
2017 1047 2184 1102 certe
2210 1043 2342 1123 jam
2372 1044 2451 1103 ab

528 1150 773 1231 antiquo
832 1147 1085 1208 multum
1144 1167 1182 1205 a
1243 1145 1624 1228 Principibus
1694 1147 1952 1209 civitatis
2021 1147 2452 1231 pependerant.

525 1251 756 1316 Deinde
802 1251 1125 1312 Pontifices
1177 1250 1427 1311 Romani
1493 1250 1602 1310 illa
1655 1251 1721 1311 in
1769 1250 2101 1312 Occidente
2157 1251 2238 1310 ad
2279 1251 2454 1312 libita

526 1354 937 1420 convocabant
953 1397 975 1428 ,
1036 1359 1250 1414 cuncta
1294 1355 1441 1414 item
1491 1353 1571 1414 ad
1620 1353 1933 1416 arbitrium
1981 1356 2046 1416 in
2093 1355 2168 1416 iis
2207 1362 2453 1438 agentes

526 1467 592 1524 et
646 1459 1056 1520 decernentes.
1164 1457 1502 1520 Concilium
1567 1479 1714 1521 vero
1780 1460 2064 1522 Pisanum
2079 1504 2100 1535 ,
2167 1463 2454 1544 nuperius

524 1565 793 1628 habitum
812 1607 833 1640 ,
883 1569 1009 1624 tam
1051 1563 1128 1624 ab
1180 1563 1432 1626 arbitrio
1479 1565 1796 1627 Pontificio
1840 1589 2018 1650 quam
2065 1567 2456 1648 Imperatorio

524 1671 787 1734 liberum
831 1670 1031 1731 fuerat
1048 1713 1071 1743 ‚
1106 1691 1143 1729 a
1182 1668 1606 1731 Cardinalibus
1641 1673 1750 1732 sua
1790 1671 2058 1752 ipsorum
2098 1673 2456 1733 auctoritate

524 1781 802 1838 eoactum
836 1772 971 1858 (1),
1021 1780 1085 1835 et
1131 1795 1205 1836 eo
1260 1773 1505 1855 quidem
1546 1775 1841 1850 consilio,
1893 1781 1961 1834 ut
1999 1773 2064 1834 bi
2098 1775 2264 1856 ipsos
2296 1776 2455 1836 Pon-

404 1925 409 1930 ·
524 1881 723 1944 filices
764 1879 1127 1963 judicarent.
1204 1879 1417 1940 Patres
1467 1879 1656 1962 igitur
1707 1880 2194 1941 constantienses
2241 1880 2456 1948 eidem

526 1986 811 2050 libertate
859 1989 949 2049 uti
992 1986 1330 2048 voluerunt.
1409 1985 1749 2048 Concilium
1806 1987 2047 2070 quidem
2097 1989 2454 2050 auctoritate

526 2098 663 2165 tm,
694 2093 1007 2156 pontilicis
1054 2111 1290 2156 somme
1333 2091 1573 2168 xxm,
1627 2114 1807 2176 quam
1851 2093 2232 2176 Imperatoris
2284 2113 2454 2174 srers-

527 2218 713 2261 uuum
750 2205 1141 2262 convocatum
1173 2204 1322 2260 erat.
1400 2197 1524 2259 Sed
1559 2219 1737 2281 quam
1771 2221 1984 2282 parum
2019 2199 2082 2260 in
2114 2199 2325 2260 Patres
2355 2219 2456 2259 va-

524 2303 713 2368 luerit
759 2305 1041 2367 Pontifex
1061 2349 1082 2381 ‚
1136 2325 1215 2364 ex
1265 2321 1341 2364 eo
1394 2301 1578 2363 facile
1637 2303 1947 2388 colligitur
1960 2351 1980 2381 ,
2033 2305 2196 2390 quod
2236 2313 2450 2390 postea

526 2409 607 2471 ab
650 2410 727 2471 iis
747 2452 768 2483 ,
841 2410 1129 2470 acerrima
1180 2410 1247 2467 in
1294 2428 1429 2467 eum
1488 2406 1615 2467 lata
1669 2410 1964 2471 sententia
1984 2454 2005 2485 ,
2058 2432 2303 2472 munere
2352 2409 2458 2470 de-

517 2513 723 2595 jectus
776 2520 889 2573 est.
919 2543 1001 2557 —
1076 2512 1278 2594 Ipsum
1338 2531 1577 2593 quoque
1622 2510 1975 2574 Pontificem
2015 2514 2240 2577 vidisse
2284 2534 2461 2598 quam

524 2617 744 2699 exigua
807 2618 1039 2678 valeret
1086 2615 1442 2676 auctoritate
1462 2658 1482 2689 ,
1549 2614 1729 2675 docet
1772 2616 1906 2698 ejus
1949 2618 2175 2683 dietum
2201 2665 2222 2696 ,
2281 2641 2461 2703 supra

526 2719 779 2781 allatum
812 2718 927 2801 (2).
1024 2718 1107 2782 Ut
1146 2726 1345 2780 autem
1388 2721 1563 2801 parvi
1610 2741 1647 2779 a
1687 2718 2246 2785 constantiensibus
2281 2723 2465 2785 babe—
2546 2787 2553 2794 ,

525 2824 707 2886 batur
743 2824 1028 2885 Pontifex
1042 2868 1063 2899 ,
1116 2825 1205 2885 sie
1237 2825 1593 2907 Imperatori
1641 2825 1820 2885 etiam
1855 2826 2070 2888 cedere
2105 2828 2460 2904 noluerunt,

530 2928 766 3011 quoties
818 2927 895 2987 ab
949 2948 1023 2988 eo
1072 2926 1528 2988 dissentiebant.
1604 2927 1803 3005 Quare
1857 2928 2068 2988 salutis
2114 2932 2462 3010 promissio-

524 3054 663 3095 nem
682 3078 703 3109 ,
780 3053 959 3115 quam
1033 3032 1364 3113 Imperator
1427 3052 1610 3094 nusso
1664 3032 1915 3092 dederat
1937 3076 1959 3107 ,
2025 3031 2143 3092 boe
2201 3034 2331 3093 viro
2394 3034 2461 3093 in

526 3160 831 3200 carcerem
896 3134 1271 3218 conjiciendo
1288 3180 1309 3211 ,
1358 3138 1486 3220 jam
1558 3138 1830 3220 protinus
1903 3137 2273 3202 violaverant
2335 3136 2452 3219 (3).

528 3242 739 3325 Neque
786 3242 884 3303 illi
900 3284 922 3317 ,
978 3262 1114 3302 cum
1160 3259 1399 3301 errores
1416 3284 1437 3317 ‚
1495 3262 1679 3303 nusso
1716 3242 2042 3323 imputatos
2061 3286 2082 3317 ,
2141 3242 2259 3303 sibi
2297 3242 2460 3303 tradi

524 3348 781 3432 jubebat
797 3392 819 3423 ,
890 3353 959 3407 ut
1000 3368 1038 3406 a
1087 3346 1252 3407 Viris
1292 3346 1506 3408 Doctis
1555 3368 1660 3409 eos
1705 3348 2127 3411 examinandos
2177 3354 2422 3410 curaret
2438 3392 2460 3423 ,

531 3454 830 3538 refragari
867 3452 1046 3513 veriti
1082 3458 1220 3513 sunt
1260 3452 1373 3534 (4).
1432 3454 1665 3531 Quibus
1705 3454 1852 3513 satis
1897 3454 2157 3516 studium
2193 3454 2464 3515 declara-

532 3564 677 3621 runt
688 3556 717 3634 ’,
766 3554 1026 3618 Concilii
1082 3556 1461 3633 libertatem,
1501 3558 1556 3617 si
1593 3578 1747 3639 opus
1793 3565 1955 3622 esset
1971 3602 1993 3635 ,
2043 3558 2220 3620 etiam
2253 3562 2466 3619 contra

2347 3660 2464 3725 Im-

608 3765 688 3837 (1)
761 3777 1047 3832 mmm,
1084 3764 1224 3821 Hice.
1264 3763 1343 3822 du
1386 3766 1552 3823 δοκε.
1589 3762 1657 3824 de
1691 3763 1837 3824 Piso.
1878 3767 1938 3822 T.
1974 3766 2024 3819 Ι.
2057 3781 2120 3838 p.
2150 3772 2267 3823 212
2301 3782 2420 3841 sqq.

610 3860 691 3934 (Β)
766 3855 845 3916 Cf.
877 3879 941 3932 p.
979 3865 1053 3915 40
1094 3878 1179 3934 sq.

610 3954 695 4035 (3)
768 3956 990 4013 Imm.

611 4056 697 4131 (4)
769 4075 823 4113 v.
858 4072 903 4113 s·
933 4076 997 4130 p.
1036 4060 1108 4114 4⁰
1146 4045 1247 4133 aq.x
